3309 4867
560 441 822 510 epistularum
850 442 984 497 LXXXII.
1285 451 1346 512 381

202 635 279 719 quia
314 654 386 700 esse
421 635 590 717 potuisset,
627 642 791 721 tamquam
829 640 885 721 qui
923 659 957 704 se
990 639 1150 705 homiuem
1183 641 1348 727 cogitaret,

46 810 51 825 ,
203 742 377 807 omuibus
401 742 527 807 omnia
549 742 673 809 iactus
698 748 765 821 est,
791 747 833 809 ut
855 765 982 811 ornnes
1005 745 1263 814 lucrifaceret.

61 841 100 903 IV
114 841 154 905 30
249 848 292 913 'le
315 847 432 930 ipsum,
457 847 484 910 si
503 847 617 930 placet,
636 849 768 915 obsecro
786 852 828 926 te,
848 850 1017 934 paulisper.
1026 850 1161 931 intuere,
1180 857 1213 918 te
1231 854 1346 937 ipsum,

203 953 342 1039 inquam,
375 975 449 1041 erga
480 977 531 1023 me
563 957 670 1040 ipsum
698 960 732 1022 et
758 958 862 1022 recole
890 957 953 1034 uel,
983 957 1008 1021 si
1035 956 1135 1023 habes
1159 961 1348 1045 conscripta,

169 1062 307 1147 srelege
343 1063 441 1128 uerba
476 1067 534 1128 tua
564 1064 594 1129 iu
625 1064 685 1129 illa
715 1062 863 1147 epistula,
896 1082 991 1146 quem
1022 1064 1101 1129 mihi
1132 1085 1190 1149 per
1219 1068 1348 1163 iraipem

202 1173 346 1237 austrum
377 1172 440 1239 ianr
473 1171 627 1256 collegam
656 1190 761 1235 meum
791 1169 981 1253 Cypriacam
1010 1170 1187 1241 breuiorem
1218 1173 1346 1243 misisti.

202 1294 297 1359 quam
324 1278 439 1355 ueraci,
473 1296 568 1361 quam
600 1296 760 1361 germano,
793 1296 889 1360 quam
920 1277 1014 1359 pleno
1047 1266 1189 1344 caritatis
1221 1281 1345 1345 affeetu.

203 1402 275 1449 cum
307 1383 462 1467 quaedam
493 1402 544 1448 me
575 1383 607 1447 in
641 1386 673 1448 te
705 1383 905 1448 commisisse
933 1383 1179 1465 expostulasses,
1208 1385 1348 1469 grauiter

203 1490 408 1562 subiunxisti:
440 1489 487 1582 ‘In
518 1490 578 1555 hoc
610 1490 748 1555 laeditur·
775 1488 925 1568 amicitia,
952 1489 984 1554 in
1012 1491 1072 1556 hoe
1100 1492 1346 1558 necessitudinis

159 1619 185 1656 ιι
201 1596 271 1661 iura
301 1597 475 1672 uiolentur3
509 1615 547 1660 ue
579 1595 746 1661 uideamur
776 1598 895 1660 certare
923 1595 1087 1679 pueriliter
1114 1600 1147 1662 et
1168 1597 1345 1664 fautoribus

201 1703 337 1768 inuicem
369 1702 424 1767 uel
456 1702 686 1768 tentatoribus
718 1702 836 1767 nostris
864 1702 1002 1767 tribuere
1029 1703 1192 1768 materiam
1220 1708 1345 1769 couten-

203 1805 315 1876 deudi’.
347 1810 426 1874 haec
455 1810 515 1875 abs
543 1813 575 1874 te
602 1810 700 1874 uerba
726 1828 786 1873 non
814 1809 920 1873 solum
948 1828 985 1874 ex
1008 1808 1110 1873 auimo
1134 1809 1220 1874 dicta
1243 1811 1345 1877 sentio

202 1935 312 1981 iterum
340 1917 436 1980 etiarn
463 1917 598 2002 benigno
627 1916 731 1981 auimo
759 1915 798 1980 ad
830 1914 1056 1981 consulendum
1089 1917 1178 1980 mihi.
1211 1917 1345 2000 denique

202 2016 302 2103 alifis,
326 2023 421 2106 quod,
445 2024 540 2089 etiem
565 2024 677 2089 sinon
701 2021 843 2099 adderes,
868 2026 1043 2105 appareret,
1067 2026 1100 2087 et
1122 2022 1216 2088 diois:
1249 2024 1344 2089 ‘Haec

160 2129 315 2209 suscribo,
334 2131 411 2214 quia
430 2134 463 2195 te
486 2148 563 2215 pure
586 2132 620 2195 et
637 2128 816 2195 Christiane
836 2127 967 2214 diligere
986 2129 1079 2212 cupio
1098 2148 1156 2194 uec
1175 2130 1345 2214 quicquam

201 2236 233 2301 in
263 2257 335 2303 mea
365 2240 471 2302 menta
502 2237 647 2313 retinere,
680 2235 765 2318 quod
798 2234 898 2299 distet
924 2254 943 2299 a
969 2234 1084 2299 labiis’.
1113 2255 1131 2300 o
1159 2236 1210 2300 uir
1237 2240 1345 2301 sancte

201 2328 350 2429 mihique,
379 2347 426 2430 ut,
443 2343 522 2409 deus
549 2342 639 2407 uidet
666 2341 801 2407 animem
831 2360 946 2418 meum,
975 2342 1076 2406 ueraci
1100 2341 1193 2407 corde
1217 2341 1342 2419 dilecte,

196 2444 260 2515 'hoc
278 2450 399 2534 ipsum,
424 2449 509 2538 quod
531 2448 669 2533 posuisti
692 2446 723 2512 in
747 2448 865 2513 litteris
889 2449 966 2524 tuis,
991 2447 1075 2530 qnod
1097 2452 1136 2513 te
1154 2448 1233 2513 mihi
1261 2448 1344 2514 exiri·
1405 2470 1408 2473 ·

202 2550 308 2621 buisse
343 2575 404 2621 uon
441 2555 564 2632 dubito,
601 2555 661 2621 hoo
696 2556 804 2637 ipsum
837 2553 963 2618 omnino
996 2553 1131 2618 Paulum
1163 2555 1342 2637 apostolum

159 2684 185 2725 ιι
202 2661 291 2728 credo
320 2661 500 2727 exhibuisse
526 2660 559 2726 iu
586 2660 703 2727 litteris
731 2660 798 2725 suis
827 2679 890 2727 non
913 2659 967 2724 uni
991 2659 1123 2725 cuilibet
1147 2660 1265 2726 homini
1287 2660 1344 2725 sed

201 2767 326 2833 ludaeis
359 2770 391 2832 et
419 2766 548 2833 Graecis
581 2760 614 2832 et
645 2766 792 2832 omnibus
824 2766 973 2851 gentihus
999 2765 1074 2830 filiis
1102 2766 1181 2843 suis,
1210 2786 1288 2850 quos
1312 2768 1342 2831 in
1456 2812 1457 2817 ι

202 2875 363 2960 euangelio
396 2876 549 2958 genuerat
579 2877 611 2938 et
638 2891 719 2957 quos
746 2870 914 2956 pariendos
942 2872 1148 2955 parturiebat,
1177 2876 1210 2938 et
1232 2872 1343 2938 deinde

200 2984 397 3064 posterorum
425 2983 475 3045 tot
501 2979 631 3045 milibus
658 2978 798 3044 fidelium
829 2977 1090 3056 Christianorum,
1114 2982 1241 3062 propter·
1264 2998 1344 3060 quos

288 3260 337 3314 21
356 3259 416 3316 (lor.
435 3260 462 3323 9,
482 3257 516 3313 22
615 3257 704 3313 9·-12
723 3260 752 3311 et
771 3257 876 3312 14-16
897 3280 930 3302 =
949 3273 975 3326 p.
995 3256 1056 3319 260,
1076 3256 1146 3310 2-7
1229 3258 1261 3311 21
1282 3255 1342 3311 Gal.

200 3352 226 3408 4,
247 3349 279 3403 19

238 3542 343 3595 lesset
360 3540 497 3610 potuisset
514 3539 542 3594 P
606 3538 803 3593 2lucrilicaret
822 3537 886 3591 ΑΡ·
956 3538 1020 3592 3te
1039 3537 1139 3605 ipsum]
1159 3541 1187 3590 et
1204 3537 1292 3606 ipsum
1310 3536 1344 3590 H

235 3630 345 3684 obsecro
360 3627 397 3697 te]
413 3628 524 3683 obsecro
539 3632 570 3681 ut
587 3627 621 3682 Η
653 3628 671 3682 4
690 3643 755 3696 erge
767 3643 811 3680 me
824 3626 913 3695 ipsum
928 3641 979 3680 ons.
995 3621 1046 3677 HI
1096 3626 1152 3693 ruo]
1166 3631 1266 3679 memet
1280 3624 1342 3679 erlrl.

200 3717 467 3789 bepistnluom.HI
504 3716 808 3787 enostmmlmeuma
858 3713 1043 3769 brebiorernl
1052 3712 1203 3767 brebiorem
1212 3714 1345 3769 meomH

200 3804 217 3861 8
235 3807 356 3877 grebitor
373 3806 394 3860 1
446 3806 480 3861 10
498 3805 710 3875 ue-pueriliter
723 3819 779 3881 'eos
799 3803 818 3855 Ι
887 3790 1056 3857 sanctoribus
1074 3801 1125 3856 HI
1140 3798 1298 3879 feruoribus
1317 3803 1344 3855 P

203 3897 231 3950 11
253 3895 380 3950 contendi
398 3894 425 3948 A
481 3895 622 3949 leonino
641 3892 731 3946 om.1
784 3894 816 3947 14
836 3889 1032 3962 appararetH
1081 3892 1114 3945 15
1128 3893 1185 3963 qui,
1199 3907 1267 3946 corr.
1283 3894 1343 3944 ecl

201 3985 265 4055 quis
281 3984 319 4040 Μ
413 3983 478 4053 qaia
496 3997 561 4052 pure
580 3986 608 4035 et
626 3981 772 4036 christiane
792 3980 907 4050 diligere
926 3984 954 4034 to
974 3979 1033 4034 edd.
1134 3980 1275 4051 quisquam
1294 3980 1344 4037 HI

204 4073 235 4127 lo
251 4075 343 4128 mente
361 4088 424 4127 mea
440 4072 469 4127 B
549 4071 642 4133 distet,
661 4072 692 4123 in
709 4085 795 4138 marc.
814 4076 924 4138 separet
942 4069 963 4121 Ι
978 4068 1063 4123 distat
1081 4067 1114 4122 Η
1193 4069 1227 4122 ah
1246 4068 1343 4122 aliis]

194 4162 405 4219 ‘amatissime
423 4163 450 4214 A
528 4161 561 4214 17
580 4159 646 4214 mihi
666 4163 728 4226 (ora.
748 4158 851 4227 qncll
925 4156 1262 4227 responsoriororum
1281 4156 1341 4210 eod.

201 4249 236 4306 20
252 4251 399 4306 nou-suis
418 4266 478 4313 om,
497 4253 597 4307 rn.1o.
616 4266 644 4302 ιι.
664 4247 730 4303 odd.
750 4245 785 4300 Μ
857 4244 1072 4316 unicuiquclibet
1089 4244 1122 4299 11
1210 4246 1245 4299 22
1264 4248 1341 4299 tenu

201 4343 260 4393 erat
276 4338 309 4393 H
379 4336 534 4408 pariendos]
553 4335 740 4405 parturiendus
760 4334 854 4388 ΗΡΜ
906 4334 941 4387 23
959 4333 1152 4403 posteonnunl
1222 4332 1292 4403 quod
1314 4332 1345 4385 H
