3309 4867
28 609 51 672 l‘:
253 711 254 714 Ἴ
305 623 473 691 interuallo
491 623 525 689 in
544 623 655 692 oculos
673 641 782 690 eornm
801 623 985 688 reuolutnm
1008 626 1061 689 est
1082 642 1161 707 opus
1184 623 1338 706 ipsorum.
1362 640 1455 706 quae·
1532 654 1536 662 ·

51 809 69 824 .-
305 732 376 808 rite,
404 748 460 814 per
487 748 583 813 quam
607 729 757 795 feminam
781 728 1003 806 Maximianus,
1027 728 1081 811 qni
1105 727 1223 796 (licitur
1244 746 1315 794 csse
1337 727 1456 794 Donati

120 823 122 826 ’
187 915 205 924 .,
303 837 512 921 propinquus,
537 854 608 902 sese
632 853 651 900 a
672 834 825 902 Primiani
849 835 1071 902 communione
1093 835 1283 919 praeciderit
1304 838 1338 899 et
1360 853 1455 917 quem

75 945 80 954 '
305 941 346 1008 ad
372 941 502 1010 modum
526 945 720 1027 congregata
742 941 964 1026 episcoporum
988 941 1127 1008 motione
1149 940 1345 1007 Primianum
1368 940 1454 1006 dam·
1492 963 1508 1004 a

304 1048 387 1114 narit
422 1047 587 1115 absentem
624 1051 658 1114 et
694 1048 848 1114 aduenam
883 1066 959 1114 eum
996 1047 1174 1132 episcopus
1204 1047 1368 1113 ordinatus
1400 1047 1454 1126 sit,

304 1172 397 1237 quem
425 1154 466 1221 ad
492 1154 624 1221 modum
651 1154 829 1221 Maioribus
857 1172 914 1236 per
939 1152 1094 1219 Lucillam
1120 1156 1312 1240 congregata
1333 1153 1455 1236 episco

301 1279 415 1346 porum
438 1259 576 1327 factiom
600 1259 815 1328 Caecilianum
838 1258 1003 1325 damnauit
1020 1259 1183 1326 absentem
1202 1263 1236 1325 st
1253 1265 1363 1327 contra
1380 1279 1452 1325 enm

303 1367 473 1452 episcopus
502 1362 666 1433 ordinatus
694 1370 754 1434 est
783 1386 823 1432 an
850 1366 942 1445 forte,
971 1365 1056 1449 quod
1084 1384 1104 1429 a
1130 1366 1245 1432 ceteris
1267 1365 1353 1432 Ainis
1376 1384 1453 1432 suae

302 1473 536 1541 communionis
560 1473 718 1557 episcopis
743 1476 853 1539 contra
874 1472 1044 1538 factionem
1068 1471 1250 1538 Maximiani
1275 1471 1453 1538 Primianns
1475 1500 1505 1541 ιο

300 1583 457 1665 purgatus
478 1583 546 1658 eat,
574 1581 682 1646 nalem
709 1579 811 1646 uultis
840 1580 883 1657 et,
911 1578 997 1663 quod
1024 1597 1043 1644 a
1069 1578 1287 1647 transmarinis
1319 1578 1454 1644 unitatis

301 1685 460 1768 episcopis
491 1684 648 1779 aduersus
679 1684 851 1751 factionem
882 1683 1031 1751 Maiorini
1063 1681 1261 1750 Caecilianus
1297 1688 1453 1770 purgetne

300 1793 361 1868 est,
381 1790 487 1856 ualere
505 1809 567 1856 non
586 1791 711 1857 uultis?
734 1810 823 1877 rogo,
847 1790 961 1856 batres
983 1790 1058 1869 mei,
1082 1789 1159 1873 quid
1183 1809 1332 1875 magnum
1357 1793 1452 1874 peto?

300 1896 376 1980 qnid
399 1895 531 1963 ‹liiii'cils
553 1917 572 1962 a
593 1898 688 1963 nobis
709 1896 857 1983 intellegi
880 1897 996 1981 cupio?
1012 1898 1152 1963 multum
1172 1897 1301 1981 quidem
1319 1897 1453 1964 interest

169 2065 172 2070 ,
299 2005 333 2068 et
352 2002 643 2085 incomparabiliter
664 2003 765 2070 Metal
787 2005 842 2070 nel
864 2003 1054 2069 auctoritate
1077 2003 1132 2068 nel
1154 2022 1284 2069 numero
1302 2004 1451 2070 amicans
1470 2026 1498 2068 rs

298 2109 444 2188 ecclesia,
477 2109 507 2174 si
539 2127 613 2175 cnm
645 2110 760 2176 ceteris
792 2110 879 2176 orbis
905 2110 1051 2193 partibus
1079 2109 1268 2188 conferatur,
1296 2114 1330 2175 et
1354 2110 1450 2196 longe

299 2214 402 2280 minor
427 2217 488 2292 est,
512 2216 608 2280 etiam
632 2216 660 2282 si
682 2216 789 2281 unitas
813 2217 866 2282 hic
889 2209 984 2289 esset,
1007 2215 1102 2302 longe
1125 2217 1252 2283 omnino
1274 2216 1379 2281 minor
1399 2220 1450 2293 eat

299 2325 481 2402 comparata
512 2322 626 2388 ceteris
650 2320 841 2389 Christianis
874 2322 1022 2389 omnibus
1055 2323 1206 2408 gentibus
1242 2341 1338 2407 quam
1374 2341 1448 2404 pars

298 2423 481 2492 Maximiani
515 2422 697 2512 comparata
723 2429 807 2513 parti
834 2429 997 2496 Primiani.
1030 2432 1104 2512 peto
1132 2433 1239 2495 tamen
1267 2433 1300 2495 et
1326 2429 1447 2496 iustum

298 2549 370 2598 esse
397 2532 541 2611 arbitror,
567 2539 606 2600 nt
624 2539 757 2602 tuntum
781 2535 890 2602 nalem
911 2535 1082 2601 concilium
1107 2535 1244 2603 Secundi
1267 2535 1447 2621 'tigisitani
1465 2556 1496 2600 ae

299 2639 383 2723 qnod
407 2639 531 2706 Lucilla
553 2642 710 2709 conflauit
726 2642 881 2709 aluensna
905 2643 1068 2707 absentem
1089 2641 1303 2713 Caecilianum
1323 2647 1356 2707 et
1374 2661 1447 2724 epo·

298 2746 429 2811 stolicas
465 2746 558 2813 sedes
593 2751 762 2832 totumque
800 2751 906 2815 orbem
940 2748 1119 2815 Caeciliano
1152 2749 1446 2824 communicantem.
1518 2819 1521 2824 ξ

297 2858 449 2935 quantum
486 2854 575 2919 ualet
610 2855 780 2926 conmlium
824 2856 1130 2933 Maximianensium
1172 2855 1257 2939 qnod
1299 2853 1448 2921 similiter

296 2958 414 3024 femina
445 2960 552 3026 nescio
585 2979 666 3043 quas
697 2961 850 3027 conflauit
876 2962 1031 3029 aduersus
1060 2963 1223 3028 absentem
1249 2960 1446 3028 Primiauum

297 3067 330 3130 et
357 3067 494 3133 ceteram
521 3086 578 3151 per
599 3067 739 3133 Africam
764 3069 1006 3134 multitudinem
1026 3068 1188 3134 Primiano
1212 3066 1445 3134 communicau-
1462 3089 1491 3135 aa

295 3175 371 3237 tem.
396 3171 474 3256 quid
496 3173 637 3257 apertius
661 3175 820 3240 comitur?
845 3175 922 3259 qnid
945 3176 1077 3259 aequius
1101 3175 1304 3259 postulatur?

251 3278 294 3341 27
341 3277 465 3343 Videtis
493 3275 706 3346 haecomnia
734 3281 895 3347 sinesiis
923 3286 957 3347 et
983 3281 1127 3367 gemitisr
1156 3283 1189 3346 et
1215 3284 1321 3346 tamen
1354 3278 1446 3344 uidet

296 3386 328 3449 et
356 3385 444 3462 dens,
473 3386 559 3469 quod
588 3405 645 3453 uos
672 3388 705 3454 in
732 3392 798 3453 tam
825 3388 978 3472 pestifera
1005 3393 1038 3453 et
1065 3387 1219 3472 sacrilega
1250 3385 1443 3469 praecisione

296 3491 384 3555 nulla
409 3510 460 3557 res
488 3492 576 3577 cogit
601 3511 772 3571 remanere,
801 3496 830 3560 si
858 3505 914 3578 pro
943 3494 1147 3579 adipiscendo
1179 3492 1315 3578 spiritali
1347 3509 1443 3575 regno

331 3676 491 3731 lcerteM
507 3680 584 3743 (aaa
601 3678 783 3745 certo)Fce
817 3678 1007 3735 corauliset
1043 3681 1280 3752 (propinqnieA
1316 3680 1443 3752 occup

293 3765 401 3819 nauerit
419 3762 446 3818 R
464 3764 607 3820 damnaret
624 3767 650 3819 A
717 3769 734 3822 9
754 3768 951 3822 communionis
969 3785 1034 3824 auae
1053 3770 1080 3824 A
1135 3770 1170 3825 10
1187 3770 1340 3825 maximiam
1361 3776 1441 3836 (cnm

294 3853 461 3919 maximiani)
487 3855 625 3924 primanus
651 3857 732 3919 (corr.
758 3861 818 3911 oui
843 3856 1002 3927 primianus)
1027 3859 1062 3924 Μ
1087 3858 1215 3929 primiani
1240 3859 1389 3930 primianus
1414 3860 1457 3914 A·

297 3941 327 3996 ll
348 3941 463 3996 unitatis
481 3942 513 3997 isa
526 3942 587 4011 fine
603 3958 630 4000 aa.
650 3960 702 3998 osa.
721 3944 749 3999 P
771 3955 774 3962 ’
803 3945 837 4000 19
856 3945 1026 4002 cummiani·
1041 3947 1109 4015 (soil
1126 3952 1151 4012 a)
1170 3946 1201 4001 F
1257 3950 1335 4018 parts
1353 3945 1444 4003 MFP

292 4031 370 4102 (Μ
387 4030 470 4100 parti)
488 4031 516 4088 B
584 4020 779 4088 acconensem
797 4036 825 4088 A
897 4033 1016 4091 Secundi
1033 4051 1085 4091 ors.
1104 4035 1141 4090 Μ
1209 4037 1352 4107 tigisitarm
1370 4051 1440 4091 corr.

293 4120 430 4191 tigisitani
447 4119 484 4174 M
500 4120 626 4189 tigistani
644 4122 675 4177 A
725 4123 759 4178 21
780 4124 957 4192 apostolicam
976 4123 1067 4178 eedem
1086 4125 1114 4182 P
1130 4123 1192 4185 edd.
1253 4126 1288 4181 24
1307 4141 1362 4195 qua
1378 4122 1441 4177 M

294 4210 328 4264 27
347 4210 426 4266 uidit.
445 4225 515 4267 corr.
532 4209 613 4266 uidet
634 4209 658 4265 P
709 4211 745 4266 28
763 4212 824 4281 uos]
845 4217 874 4267 et
892 4225 941 4268 uos
960 4212 988 4267 P
