3309 4867
566 440 830 512 epistularum
860 440 958 500 cvtu.
1148 493 1158 506 .
1271 447 1336 512 627

36 632 78 698 V
99 632 148 705 14
237 632 436 716 Quilibet,
458 631 544 716 quod
567 634 679 700 soletis
699 634 737 702 de
761 636 950 701 sustentatis
974 636 1247 720 persecutionibus
1270 639 1338 725 glo·

191 739 287 814 risrii,
314 739 342 807 si
369 743 524 825 martyres
546 761 607 806 non
631 741 709 807 facit
730 760 828 807 causa
850 742 907 808 sed
928 761 1040 827 poene,
1068 763 1142 810 cum
1165 732 1336 812 diceretur:

193 845 1336 933 Beati,qnipersecutionempatiuntnr,frustraestadditum:

194 953 365 1037 Propter
390 951 611 1020 iustitiam.
635 971 735 1020 nonne
758 973 818 1020 uos
841 954 938 1048 etiam
961 956 993 1020 in
1016 954 1077 1021 boe
1098 958 1194 1024 titulo
1218 958 1338 1043 gloriae

162 1058 447 1140 sbiarimiapistae
469 1059 621 1125 facillime
644 1061 787 1139 uincunt,
807 1060 862 1144 qni
881 1061 1134 1144 persecutionem
1151 1082 1212 1130 non
1232 1065 1338 1130 solum

194 1169 306 1250 postea
331 1164 500 1247 nobiscum
528 1165 586 1232 seri
611 1167 699 1249 prins
722 1169 757 1234 et
784 1186 802 1232 a
825 1166 918 1233 nobis
944 1168 1164 1252 pertulerunt?
1190 1169 1338 1236 aduocati

195 1272 374 1337 accusantis
404 1271 632 1343 Maximianum
667 1277 777 1339 uestro
808 1273 933 1359 collega
966 1277 1133 1356 praesente
1164 1275 1338 1355 Restituto,

195 1375 304 1461 quiin
330 1376 437 1443 locum
460 1376 550 1444 Salui
572 1377 830 1445 Membressitoni
858 1397 932 1444 cunr
956 1378 1071 1444 ceteris
1097 1379 1163 1445 illis
1190 1382 1337 1448 undecim

195 1482 263 1550 sine
282 1482 433 1549 dilatione
451 1483 601 1563 damnati,
625 1489 796 1567 antequam
818 1484 888 1568 ipae
907 1484 974 1552 (lies
993 1486 1156 1556 dilationis
1178 1490 1338 1569 transiret,

150 1614 179 1657 ιο
194 1589 259 1655 iam
275 1588 380 1655 fuerat
397 1589 571 1666 ordinatus,
594 1590 692 1656 uerba
710 1593 797 1682 sunt,
816 1609 898 1674 quae
914 1589 978 1655 iam
996 1592 1091 1676 paulo
1110 1595 1183 1658 ante
1201 1611 1338 1660 eommo-

194 1695 327 1761 morani
350 1694 494 1764 Titianae
518 1696 613 1763 etiam
635 1698 697 1762 iam
722 1697 773 1762 lie
794 1696 867 1780 ipso
890 1696 1058 1768 dilationis
1073 1700 1232 1765 trenseeto
1254 1700 1338 1766 Feli·

196 1801 321 1869 cianum
352 1805 395 1868 et
428 1803 674 1881 Praetextatnm,
715 1806 817 1870 tutem
856 1802 959 1888 ipsam
1000 1806 1112 1870 eontra
1143 1805 1338 1873 Primianum

196 1907 459 1990 conspirationem
486 1908 593 1974 uerbis
621 1908 822 1994 grauissimis
846 1908 1020 1975 accusauit
1048 1905 1218 1975 concilium
1240 1912 1338 1978 etiam

197 2008 373 2100 Bagatense
399 2033 460 2081 non
487 2015 589 2081 semel
615 2015 716 2102 gestis
737 2014 1018 2099 proconsularibus
1040 2032 1078 2081 ac
1101 2013 1213 2081 deinde
1234 2019 1338 2083 mnni-
1421 2070 1422 2074 η

154 2145 181 2189 rs
198 2121 353 2204 eipalibns
380 2120 552 2206 allegatum
576 2124 637 2200 est,
664 2122 800 2189 excitate
825 2121 955 2201 indicia,
981 2120 1169 2205 impetratae
1190 2122 1338 2190 minacis
1419 2205 1421 2210 Α

198 2227 296 2292 sinum
317 2228 486 2307 iussiones,
513 2228 711 2313 postulatum
735 2231 830 2311 etque
852 2231 1058 2312 praeceptum
1081 2231 1141 2307 est,
1168 2229 1208 2294 ab
1230 2230 1338 2296 ceber-

197 2333 345 2400 citiorem
353 2334 538 2405 resistentes
548 2335 803 2419 perducerentur,
816 2332 1015 2418 impertitum
1025 2333 1178 2415 cilicium,
1187 2354 1340 2403 concessa

197 2441 312 2507 auxilia
330 2442 508 2520 ciuitatum,
526 2461 584 2526 per
601 2460 682 2524 quae
700 2440 744 2519 id,
763 2439 849 2524 qnod
866 2440 1041 2506 indicatum
1058 2445 1120 2518 est,
1143 2441 1337 2527 impleretur.

198 2547 274 2632 quid
300 2567 375 2634 ergo
402 2548 568 2614 nobiseum
596 2547 635 2613 de
662 2546 796 2612 tolerata
825 2547 1045 2630 persecutione
1072 2547 1254 2632 confligitis,
1281 2549 1338 2632 qui

149 2678 177 2720 ro
194 2654 359 2722 nobiccum
395 2654 459 2721 ista
494 2674 554 2721 non
592 2674 693 2739 aequo
725 2654 794 2719 inre
826 2653 1018 2719 diuisimus?
1054 2671 1127 2719 oum
1160 2655 1242 2720 enim
1275 2674 1337 2720 uon

195 2777 327 2844 semper,
355 2761 410 2843 qui
436 2762 689 2844 persecutionem
717 2760 866 2839 sustinet,
888 2762 1053 2845 perueniat
1079 2760 1120 2825 ad
1146 2761 1337 2843 passionem,

195 2866 241 2932 sio
266 2866 350 2934 inter
375 2885 433 2933 nos
457 2872 706 2952 composuerunt
732 2867 841 2933 cleriei
864 2870 897 2932 et
919 2865 1198 2933 Circumcelliones
1226 2869 1337 2943 uestri,

140 3036 142 3039 .
195 2976 232 3039 nt
256 2992 316 3038 nos
343 2975 605 3058 persecutionem,
638 2993 695 3039 nos
722 2973 904 3057 passionem
931 2973 1173 3039 sustineremus.
1206 2973 1272 3052 sed,
1301 2978 1338 3038 nt

195 3078 267 3155 diri,
291 3099 364 3146 eum
382 3079 626 3145 Maximianistis
651 3073 690 3144 de
712 3080 775 3148 ista
797 3078 892 3144 laude
916 3081 1045 3159 certate,
1069 3080 1125 3163 qni
1147 3084 1255 3146 contra
1277 3098 1336 3144 uos

149 3209 178 3252 ae
194 3186 327 3251 recitant
358 3189 450 3271 gesta
479 3186 629 3266 forensia,
661 3186 716 3252 ubi
744 3205 799 3252 eos
831 3206 888 3272 per
914 3185 1036 3252 indices
1063 3186 1337 3270 persecutionibus

195 3291 352 3376 agitastis,
379 3291 435 3357 sed
462 3294 555 3376 plane
584 3312 657 3358 cunr
685 3293 877 3376 quibusdam
905 3311 1012 3358 eornm
1041 3292 1098 3365 tuli
1126 3291 1338 3357 cohercitione

194 3399 343 3464 correctis
369 3402 482 3481 postea
508 3399 737 3476 concordastis,
765 3398 850 3464 unde
876 3410 934 3465 nec
961 3402 1074 3464 nostra
1096 3403 1146 3464 eat
1172 3398 1339 3482 desperata

281 3586 416 3644 euseb.
435 3590 462 3653 5,
484 3589 517 3643 10

229 3711 246 3764 2
265 3710 454 3779 dicereiretar
466 3711 495 3766 P
541 3713 606 3768 tin
624 3713 677 3767 boc
693 3712 775 3767 titulo
794 3712 882 3783 gloria
895 3711 923 3766 P
939 3712 968 3767 in
985 3711 1066 3766 bnius
1085 3710 1160 3765 tituli
1178 3709 1265 3779 gloria
1284 3708 1339 3763 VU

195 3798 600 3870 edd.,·senpesinnoctitn10
620 3801 722 3872 gloriae
776 3801 1041 3858 tmuiminianiste
1055 3799 1083 3854 P
1152 3799 1298 3852 uincuntur
1312 3797 1339 3850 P

194 3887 360 3944 8Salniin
449 3890 483 3944 10
500 3892 635 3944 santerre
654 3890 700 3944 P·
771 3890 801 3944 ll
822 3889 876 3943 iarn
895 3904 947 3944 cra.
970 3887 1026 3944 VU
1041 3886 1102 3942 ead.
1184 3883 1239 3955 nse]
1260 3883 1293 3939 de
1312 3885 1340 3938 P

197 3976 229 4030 12
247 3973 281 4030 de
298 3979 360 4030 tota
370 3977 431 4047 ipsa
444 3975 538 4033 eo‘ntra
548 3977 709 4049 primianum
725 3978 927 4050 conspiratione
941 3975 1063 4033 vvere.
1101 3975 1134 4029 18
1147 3973 1270 4029 cecilium
1286 3972 1341 4027 ΥΠ

197 4064 229 4118 14
246 4065 393 4134 bagaiensi
411 4064 440 4119 P
454 4066 583 4134 sagiense
607 4065 662 4120 PU
669 4066 726 4120 lar
742 4065 932 4135 vagaiensem
1014 4065 1046 4118 15
1065 4062 1212 4132 ellegatum
1230 4061 1258 4113 P
1275 4060 1336 4114 elli-

194 4155 286 4227 gaturn
311 4152 337 4209 U
405 4153 536 4225 impetret
554 4154 751 4209 eminaeissinre
771 4154 797 4207 P
853 4154 886 4208 16
905 4152 1087 4208 cohertionem
1111 4149 1139 4206 U
1199 4150 1231 4204 li
1250 4150 1336 4218 impe-

194 4244 276 4296 ritum
294 4241 372 4297 codd.
391 4248 417 4297 et
436 4241 502 4298 aaa.
521 4245 679 4298 morture
696 4243 859 4314 imperatnm
874 4242 1110 4312 trimperatunue
1157 4238 1190 4293 19
1207 4236 1335 4304 tolerata]

195 4332 327 4402 imperata
340 4330 395 4386 VU
404 4330 465 4386 edd.
509 4332 544 4387 23
558 4330 735 4403 passioneeP
775 4332 810 4386 21
825 4329 967 4401 desperata
984 4328 1120 4385 estUeat
1133 4323 1337 4398 desperandam

1250 4429 1300 4484 40*
