3309 4867
619 398 887 468 epistularum
915 397 1014 454 XLIII.
1348 401 1390 466 93

244 592 328 677 quod
356 593 532 658 uerisimile
555 613 615 658 non
644 612 714 658 esse
742 550 871 676 quidam
898 594 1044 658 uestrum
1071 591 1228 670 dicebant,
1254 596 1304 670 ut,
1337 591 1392 676 qui

245 703 352 764 essent
383 699 423 765 de
455 719 515 764 sua
543 699 711 766 traditione
740 698 878 764 confessi
906 716 1097 780 causamque
1124 717 1217 764 susm
1244 698 1389 790 impetra·

244 805 369 870 uissent
404 806 464 871 deo
502 805 622 870 dimitti
658 809 812 887 oportere,
849 805 933 870 idem
969 803 1092 871 iudices
1129 805 1392 888 damnatoresque

245 917 409 995 tamquam
444 912 632 978 traditorum
669 912 851 977 absentium
884 913 998 992 postea
1029 911 1257 977 consedissent.
1289 909 1392 994 magis

219 1017 328 1083 senim
353 1018 487 1101 amplexi
513 1021 589 1082 sunt
612 1017 821 1094 occasionem,
845 1012 908 1100 qua
929 1020 1064 1100 possent
1084 1017 1165 1083 aiios
1186 1017 1268 1083 saise
1289 1015 1393 1083 orimi-

245 1123 372 1189 natione
408 1124 596 1207 perfundere
633 1127 667 1188 et
702 1142 872 1190 conuersas
908 1122 941 1187 in
979 1141 1034 1189 eos
1069 1123 1196 1208 linguas
1227 1122 1393 1189 hominum

246 1229 450 1313 inquisitione
478 1229 647 1296 cuminum
675 1248 806 1295 suorum
837 1229 900 1295 hoc
921 1229 1017 1304 modo
1040 1227 1209 1295 declinare.
1242 1229 1392 1312 alioquin,

248 1336 275 1401 si
304 1335 373 1401 fieri
396 1356 456 1402 uon
480 1340 601 1420 posset,
624 1336 821 1419 utquisque
845 1335 938 1413 mala,
963 1335 1140 1419 quaeipse
1168 1336 1391 1412 committeret,

246 1443 277 1506 in
305 1443 368 1508 alio
396 1441 561 1521 iudicaret
590 1462 651 1507 non
684 1442 805 1508 diceret
836 1440 1027 1525 quibusdam
1059 1442 1180 1509 Paulus
1213 1441 1392 1525 apostolus:

207 1572 231 1609 o
248 1548 473 1631 Propterea
507 1548 813 1614 inexcusabilis
842 1567 893 1626 es,
922 1568 940 1613 o
968 1546 1097 1625 homo,
1125 1547 1193 1630 qui
1221 1546 1392 1613 iudicas.

249 1655 285 1719 in
315 1673 391 1737 quo
420 1653 523 1719 enim
552 1654 676 1720 alium
703 1653 877 1733 iudicas,
905 1656 1034 1719 temet
1060 1653 1192 1737 ipsum
1217 1653 1393 1719 condem·

248 1779 333 1837 nas3
358 1758 496 1825 eadem
519 1759 621 1825 enim
645 1759 745 1845 egis,
770 1779 870 1843 quae
893 1759 1069 1825 iudicas.
1091 1759 1176 1842 quod
1199 1759 1249 1825 illi
1267 1758 1393 1824 omnino

247 1867 399 1944 fecerunt,
432 1869 470 1932 ut
501 1866 579 1934 haec
610 1866 709 1931 uerba
740 1866 917 1948 apostolica
946 1866 1070 1950 integre
1101 1866 1134 1931 iu
1167 1885 1222 1933 eos
1259 1870 1394 1949 apteque

249 1973 448 2037 conueniant.
943 1985 944 1989 ’
1233 2033 1237 2046 ,

157 2086 231 2150 lln
291 2078 362 2144 Non
399 2098 475 2164 ergo
513 2082 590 2144 tuno
627 2078 803 2154 Secundus,
847 2076 971 2162 quando
1013 2097 1123 2144 eorum
1164 2077 1296 2143 crimine
1335 2076 1393 2142 deo

169 2248 173 2254 ,
249 2183 379 2266 dimisit,
408 2186 480 2267 paci
506 2185 686 2267 unitatique
714 2185 889 2260 consulere
918 2185 1059 2267 alioquin
1087 2185 1190 2270 magis
1218 2185 1278 2249 hoc
1310 2181 1393 2267 opud

251 2289 472 2374 Carthaginem
499 2290 692 2375 prouideret,
715 2309 753 2357 ne
782 2290 921 2357 schisma
942 2290 1043 2368 fieret,
1066 2291 1122 2356 ubi
1146 2290 1253 2356 nullus
1276 2287 1393 2366 aderat,

250 2395 301 2459 cui
328 2396 473 2463 confesso
502 2398 618 2462 crimen
647 2398 762 2462 donare
791 2401 966 2482 cogeretur,
996 2396 1062 2474 sed,
1087 2395 1171 2481 quod
1195 2400 1263 2461 erat
1284 2394 1395 2460 facilli·

250 2503 348 2578 mum,
379 2506 449 2567 tots
481 2504 683 2570 conseruatio
715 2504 804 2587 pacis
837 2506 924 2570 esset
950 2503 1106 2569 absentes
1126 2502 1209 2568 nolle
1237 2502 1393 2567 damnare.

207 2635 233 2675 ro
250 2606 357 2691 itaque
382 2609 532 2675 iniuriam
560 2610 700 2675 iacerent
725 2609 960 2687 innocentibus,
988 2608 1085 2674 etiam
1112 2607 1140 2675 ai
1167 2609 1214 2673 eis
1238 2626 1299 2673 non
1323 2626 1394 2676 cou-

251 2713 344 2778 uietis
370 2734 472 2798 neque
501 2716 656 2781 confessis
683 2735 787 2799 neque
818 2715 946 2781 omniuo
977 2714 1198 2799 praesentibus
1230 2715 1394 2799 ignoscere

250 2820 437 2887 uoluissent
460 2822 516 2888 ille
540 2822 657 2906 quippe
681 2822 799 2906 accipit
820 2823 958 2899 ueniam,
982 2820 1076 2888 euius
1099 2821 1194 2904 eulpa
1218 2820 1394 2886 certissima

249 2929 308 2991 est
340 2929 457 3010 quanto
485 2947 561 3013 ergo
587 2927 791 3009 immaniores
820 2931 853 2993 et
880 2927 1037 2994 caeciores
1061 2927 1199 3006 fuerunt,
1222 2927 1393 3010 quiesse

249 3035 443 3114 putauerunt
468 3053 563 3118 posse
590 3034 749 3112 damnare,
778 3055 858 3118 quae
886 3033 1049 3118 incognita
1075 3052 1133 3099 uec
1160 3033 1275 3099 donare
1302 3037 1395 3117 potu-

209 3168 233 3207 s
248 3139 361 3206 issent!
399 3140 455 3205 sed
488 3142 557 3207 illic
589 3142 716 3227 cognita
749 3142 890 3206 dimissa
913 3147 991 3205 suot
1018 3139 1088 3217 deo,
1111 3157 1149 3204 ne
1177 3139 1241 3204 alia
1268 3157 1394 3222 quaere-

249 3249 369 3312 rentur:
399 3247 450 3312 hio
477 3246 639 3331 incognite
667 3247 815 3312 damnata
842 3248 928 3322 sunt,
955 3250 994 3311 ut
1024 3244 1081 3310 illa
1113 3247 1305 3344 tegerentur.
1339 3244 1394 3311 sed

340 3488 372 3543 10
390 3489 466 3543 Rom.
487 3489 512 3552 2,
533 3490 546 3543 l

284 3664 466 3733 deportent,
485 3679 554 3719 corr.
573 3668 633 3717 ιιι
651 3667 775 3734 oportere
793 3662 832 3717 Μ
890 3662 973 3717 iidem
992 3661 1053 3718 edd.
1070 3667 1212 3731 praem
1266 3660 1395 3733 dampna-

250 3755 321 3806 torea
340 3768 409 3822 quae
425 3752 493 3807 MP
507 3757 604 3821 (post.
624 3769 640 3806 a
658 3757 730 3821 esp.)
754 3751 946 3823 dampnatores
970 3752 1017 3822 qui
1035 3753 1063 3806 A
1152 3754 1169 3807 5
1192 3749 1263 3806 falsa
1285 3751 1395 3805 crimine

249 3840 371 3910 (sicori
416 3841 640 3911 dinquisitione]
659 3841 692 3895 nb
711 3841 890 3910 inquisitione
902 3841 1003 3910 siem
1048 3841 1138 3897 8uou
1156 3840 1260 3895 mnus
1303 3840 1394 3895 duin-

250 3927 403 3984 dioaretM
439 3931 472 3984 10
491 3946 572 3985 ocor.
587 3929 616 3985 P
666 3929 759 3999 homo]
773 3930 855 3984 homo
870 3931 957 3983 omnis
971 3929 1181 3987 eddecesocr.
1196 3929 1249 3984 lior.
1289 3929 1322 3982 12
1336 3927 1395 3997 egis

250 4019 329 4087 quae]
350 4018 499 4087 magisque.
518 4034 588 4072 eras
606 4035 632 4072 m
651 4036 685 4072 m.
698 4022 718 4072 2
731 4017 790 4089 agis
805 4034 858 4089 quq
873 4018 901 4071 P
954 4020 987 4072 14
1006 4018 1159 4081 conueniat,
1173 4033 1243 4073 corr.
1258 4020 1319 4070 nel
1333 4030 1394 4068 con·

248 4106 362 4159 ueniant
379 4105 417 4160 M
469 4107 503 4161 16
522 4107 665 4174 consuluit,
682 4111 749 4162 m.2
767 4107 903 4161 consuluit
920 4107 948 4160 P
1012 4106 1044 4159 17
1064 4104 1269 4174 Carthaginem]
1289 4102 1394 4158 cartha
1476 4165 1505 4180 Ἣ

249 4194 340 4261 gisem
358 4211 392 4249 ne
411 4196 446 4250 M
464 4197 540 4261 (m.2
557 4194 609 4249 del.
627 4201 673 4261 ue)
693 4195 748 4250 Fa
803 4197 838 4250 23
858 4195 1002 4265 quanto]in
1021 4198 1123 4265 quanto
1140 4193 1184 4248 R>
1224 4191 1354 4246 cerciores
1368 4191 1395 4246 Δ

249 4283 375 4338 certiores
394 4283 459 4338 Mn*
511 4287 545 4340 25
565 4288 759 4354 quaererentur
775 4285 821 4339 hic
839 4284 980 4354 incognita
998 4295 1050 4337 on.
1069 4283 1096 4336 A
1149 4282 1185 4336 26
1202 4280 1266 4335 hinc
1284 4281 1311 4334 P
