3309 4867
526 432 793 502 epistularum
821 428 915 487 cm.
943 431 1022 489 CXX.
1285 434 1349 499 705

197 625 273 689 dam
291 629 400 693 nostra
417 625 582 708 opuscula,
608 645 689 709 quae
708 625 879 694 arbitratur
904 646 976 693 sum
994 628 1054 694 tibi
1070 647 1144 694 esee
1162 627 1350 705 necessaria,

197 749 261 796 non
288 731 401 821 procul
423 751 442 797 a
464 725 556 799 nobie
584 734 711 818 positus
738 732 796 798 sed
821 733 932 817 potius
956 735 1041 819 apud
1066 754 1125 802 uos
1152 735 1286 820 legeres,
1313 743 1353 800 nt

198 856 246 917 ea,
280 856 359 921 quae
392 839 473 904 forte
496 839 612 904 minus
643 838 868 922 intellexisses,
900 859 964 905 non
998 839 1171 907 difficulter
1201 858 1350 925 praesens

167 950 169 960 '
197 943 412 1028 interrogares
424 947 520 1027 etque
533 964 570 1010 ex
583 946 693 1010 nostm
705 943 967 1016 sermocinatione
981 950 1157 1029 mutuoque
1172 943 1351 1028 conloquio,

167 1052 355 1132 sonantum
379 1048 527 1116 dominus
551 1054 584 1116 et
610 1050 703 1116 uobis
730 1054 931 1134 promereat
958 1051 1016 1118 tibi
1040 1053 1151 1135 capere
1172 1050 1350 1138 tribuisset,

199 1156 279 1242 qnid
298 1157 331 1223 in
358 1157 449 1223 libris
472 1158 539 1223 tuis
564 1158 794 1224 emendandum
817 1162 914 1236 esset,
942 1158 1011 1241 ipse
1035 1175 1254 1244 cognosceres,
1281 1147 1352 1241 ipse
1387 1241 1392 1250 ·

199 1264 395 1331 emendares.
419 1264 488 1330 eius
507 1264 625 1348 quippe
643 1283 677 1329 es
701 1264 875 1342 facultatis,
900 1267 938 1330 ut
959 1266 1081 1349 possis,
1100 1283 1181 1351 quoe
1204 1264 1352 1343 senseris,
1412 1289 1415 1294 ·

200 1370 367 1455 explicare,
402 1370 471 1436 eius
503 1390 596 1454 porro
627 1370 797 1453 probitatis
831 1374 865 1438 et
895 1370 1100 1450 humilitatis,
1133 1376 1172 1437 ut
1202 1370 1352 1437 merearis

200 1495 279 1542 uera
308 1476 435 1543 sentire.
468 1480 502 1542 et
532 1496 616 1544 nunc
647 1478 679 1543 in
709 1476 819 1542 eadem
853 1496 936 1554 sum,
969 1497 1049 1562 quac
1081 1496 1139 1543 nec
1169 1477 1229 1543 tibi
1259 1476 1353 1542 debet

28 1601 34 1627 ³
154 1610 182 1652 ro
201 1580 379 1665 displicere,
402 1581 571 1659 sententia,
599 1582 683 1648 unde
705 1585 737 1647 te
760 1601 861 1666 nuper
882 1583 1045 1663 admonui,
1072 1583 1163 1650 utin
1188 1582 1249 1663 bis,
1273 1600 1353 1667 quae

202 1686 336 1752 euobis
352 1687 517 1753 eleborata
539 1688 624 1771 apud
641 1690 674 1754 te
696 1689 789 1774 legis,
813 1688 905 1774 signa
928 1688 1027 1757 iacias
1049 1688 1090 1755 ad
1109 1708 1147 1755 ea
1167 1689 1248 1765 loce,
1273 1706 1354 1771 quae

201 1796 236 1859 te
264 1801 407 1872 mouent,
431 1797 464 1859 et
487 1813 560 1860 cum
583 1779 634 1860 bis
658 1795 699 1860 ad
721 1814 772 1861 me
794 1795 906 1861 uenias
931 1799 963 1860 et
987 1796 1025 1861 de
1052 1795 1188 1883 singulis
1211 1788 1354 1882 quaeras.

202 1897 343 1967 nondum
372 1919 452 1984 quae
479 1899 596 1978 fecisti,
625 1902 783 1980 exhortor,
811 1905 850 1967 ut
876 1901 986 1968 iacies.
1013 1905 1099 1967 recte
1123 1901 1239 1988 quippe
1252 1919 1254 1924 ’
1267 1918 1355 1965 uere-

203 2004 386 2080 cundareris
405 2023 446 2071 ac
468 2011 501 2073 te
529 2008 653 2092 pigeret
679 2006 714 2072 id
741 2026 848 2093 agere,
873 2009 902 2073 si
929 2008 982 2073 uel
1010 2009 1110 2074 semel
1138 2007 1298 2073 uoluisses
1323 2008 1355 2071 et

155 2134 184 2176 rs
202 2129 255 2196 me
274 2110 438 2178 difficilem
460 2113 666 2196 repperisees.
689 2111 771 2178 illud
790 2132 917 2197 quoque
937 2113 1084 2194 dixeram,
1108 2132 1181 2180 cum
1205 2131 1225 2178 a
1245 2117 1278 2178 te
1302 2131 1356 2177 au·

203 2217 334 2297 diesem,
352 2217 438 2301 quod
456 2219 712 2285 mendosissimis
730 2219 911 2304 fatigareris
930 2219 1104 2298 codicibus,
1127 2223 1166 2285 ut
1187 2219 1220 2284 in
1238 2220 1356 2285 nostris

30 2399 44 2410 Ι,
202 2323 337 2410 legeres,
361 2343 441 2409 quos
465 2326 696 2392 emendatiores
718 2344 833 2408 posses
856 2325 972 2422 ceteris
995 2326 1149 2393 inuenire.

130 2429 152 2494 2
243 2427 343 2508 ,Quod
373 2435 482 2497 autem
514 2432 608 2517 petis,
641 2435 679 2497 ut
705 2432 925 2515 quaestionem
957 2432 1120 2511 trinitatis,
1152 2431 1213 2499 boc
1241 2434 1291 2497 est
1318 2430 1356 2496 de

33 2602 37 2610 ,
202 2537 326 2603 unitate
350 2537 529 2603 diuinitatie
553 2541 587 2632 et
608 2539 799 2604 obseratione
826 2545 1031 2623 personarum
1055 2542 1148 2604 caute
1174 2537 1357 2622 prudenter·

28 2633 49 2738 s,
153 2666 185 2708 ro
203 2663 266 2728 quo
302 2644 483 2724 discutiam,
520 2647 557 2710 nt
594 2644 755 2711 doctrinae
791 2664 892 2724 meae,
930 2645 1015 2710 sicut
1046 2645 1137 2723 dicis,
1174 2643 1358 2730 ingeniique

30 2738 36 2752 ²*
191 2749 360 2816 serenitas
383 2749 429 2816 itu
447 2750 596 2816 nebulam
615 2755 743 2816 uestrm
765 2751 882 2816 mentis
902 2751 1073 2837 absterget,
1097 2752 1145 2830 ut,
1170 2750 1255 2834 quod
1273 2769 1358 2815 nunc

203 2856 345 2943 cogitare
372 2875 434 2922 non
461 2858 609 2940 potestis,
637 2856 875 2942 intellegentiae
898 2875 917 2922 a
938 2875 990 2922 me
1017 2856 1138 2922 lumino
1161 2857 1357 2922 declaratum

204 2962 309 3029 oeulis
332 2961 470 3046 quodam
494 2963 589 3028 modo
616 2963 725 3029 uidere
753 2962 899 3047 possitis,
926 2962 1002 3028 uide
1028 2968 1128 3048 prius,
1157 2964 1266 3027 rutrum
1292 2961 1358 3028 ista

43 3147 60 3164 H
203 3053 336 3153 petitio*
356 3083 430 3132 cum
466 3073 525 3134 tua
565 3070 727 3154 superiore
765 3065 949 3134 definitione
987 3069 1166 3136 concordet.
1208 3067 1356 3151 euporius

27 3161 62 3252 ἵζ’,
154 3197 185 3240 ss
205 3174 324 3257 quippe
346 3173 378 3237 in
403 3173 512 3240 eudem
529 3163 607 3258 'ipsa
629 3161 777 3257 epistula,
806 3174 838 3239 in
863 3193 927 3257 qua
948 3174 1010 3239 hoe
1033 3173 1127 3257 petis,
1151 3171 1236 3257 apud
1256 3173 1358 3236 temet

28 3266 53 3368 ',
202 3283 308 3364 ipsum
343 3279 491 3346 definisse
523 3284 556 3346 te
588 3279 669 3346 dicis
696 3280 874 3346 ‘ueritatem
904 3299 940 3344 er
971 3280 1033 3346 fide
1064 3279 1169 3365 magis
1197 3296 1292 3361 quarn
1320 3295 1357 3342 ex

198 3571 200 3574 -
295 3539 499 3610 re-ne=p.
518 3538 689 3603 noce-13
760 3537 859 3609 ae-p.
879 3539 976 3609 roan
997 3556 1075 3640 512.
1095 3536 1157 3601 ose,
1178 3538 1295 3610 1„-o¹

239 3699 366 3770 ‘lpotius
383 3715 435 3754 om.
457 3699 493 3753 Τί
543 3699 684 3770 7e21e0
756 3700 841 3771 qnae}
858 3716 890 3754 ea
909 3715 978 3769 quae
996 3698 1111 3754 ΟΡΤΤι
1130 3695 1191 3754 edd.
1241 3697 1357 3754 tdebet

202 3805 255 3845 om.
275 3788 302 3841 P
352 3789 382 3842 ll
402 3787 582 3843 elaborateB
638 3783 671 3842 13
684 3786 834 3859 nondumq.
846 3787 937 3843 iecisti
952 3793 982 3843 et
994 3786 1160 3844 erbertorB
1210 3786 1242 3840 17
1258 3787 1355 3841 ceteris

202 3875 337 3949 posoesT
371 3877 406 3930 21
421 3875 579 3946 abstergeat
596 3880 682 3945 (poet.
698 3894 713 3931 e
730 3876 798 3931 rodi
815 3881 923 3946 coepta)
938 3877 980 3946 B;
997 3878 1032 3945 cf.
1049 3894 1078 3946 p.
1101 3879 1169 3940 704,
1187 3878 1219 3929 11
1257 3863 1354 3945 dipo-

200 3966 250 4020 tris
271 3962 359 4020 ΟΤΤι
381 3967 484 4034 poteris
506 3966 535 4018 P
557 3971 637 4036 potes
660 3965 721 4019 edd
740 3965 891 4034 praetem
972 3964 1110 4020 declarato
1133 3963 1219 4018 oculis
1238 3962 1353 4032 quodam

200 4043 283 4108 medo
297 4052 390 4107 nidere
407 4052 520 4122 possitis
538 4051 566 4106 B
584 4051 776 4109 declarationis
795 4051 914 4123 quodum
933 4052 1013 4114 modo
1027 4053 1121 4107 nidere
1134 4051 1223 4123 possis
1240 4049 1354 4106 ΟΡΤΤ1

201 4141 264 4197 edd.
278 4147 441 4210 praetem
458 4143 495 4209 cs.
509 4158 539 4211 p.
557 4144 626 4203 704,
645 4145 682 4198 12
748 4142 873 4212 caprino
892 4153 944 4199 ner.
963 4141 998 4197 Τι
1058 4143 1093 4198 2⁴
1107 4139 1239 4211 superiori
1253 4137 1353 4195 dllflni‘·

202 4230 280 4286 tione
296 4227 440 4297 OPTT¹s
453 4230 585 4300 superiori
604 4229 765 4287 delinitione
783 4226 843 4288 cett.
864 4229 925 4287 edd.
979 4230 1015 4286 26
1034 4227 1167 4286 diffinisse
1186 4227 1251 4282 ΡΤ1
1323 4235 1355 4280 er

201 4317 257 4374 dds
274 4317 421 4374 Qerimtem
438 4317 526 4389 magis
549 4318 639 4374 ow
659 4318 720 4375 edd.
740 4333 771 4373 er
787 4313 844 4374 dde
861 4318 951 4388 magis
969 4318 1113 4374 ueritatem
1132 4315 1160 4372 P

231 4440 348 4488 milli.
359 4441 420 4493 m.
430 4446 486 4484 sset.
497 4443 520 4484 11
530 4452 583 4492 perr
592 4445 614 4485 ².
1282 4423 1318 4477 45
