3309 4867
645 370 911 439 epistularum
938 369 991 425 CV.
1322 372 1386 437 607
1597 329 1608 458 γ’
1644 331 1645 340 ¹

241 565 363 646 psalmo
396 563 467 648 ipso
500 562 633 630 dieitur:
666 564 955 630 Dominabitur
991 584 1010 629 a
1042 564 1140 629 mari
1177 524 1305 647 noune
1341 537 1388 630 ad
1496 615 1506 650 3

243 688 346 736 mara
366 673 406 736 et
428 690 447 735 a
468 670 640 735 flumine
662 690 792 753 usqne
815 671 861 735 ad
884 670 1082 740 terminos
1107 671 1218 736 orbiu
1242 675 1388 753 terrae,
1464 709 1466 716 ›

242 795 372 841 nonam
410 777 741 872 iiloprooident
771 776 999 861 Aethiopes
1033 782 1073 843 et
1108 776 1268 842 inimici
1301 776 1388 842 eius
1492 837 1494 842 ,
1605 785 1606 794 ’

242 885 390 948 terram
418 883 591 968 lingent,
624 903 742 968 reges
770 884 941 949 'tharsis
970 888 1010 948 et
1036 884 1198 960 insulae
1226 901 1390 949 munera

210 988 432 1068 noiieront,
460 1008 577 1074 reges
599 991 775 1056 Arabum
797 993 839 1056 ot
861 989 965 1058 Saba
988 991 1090 1058 dona
1116 990 1325 1056 adducent
1351 994 1397 1056 et·

205 1091 208 1096 ’
243 1095 473 1168 adorabunt
496 1115 582 1162 enm
605 1115 742 1162 omnes
765 1115 885 1181 regen
910 1098 1056 1176 torrae,
1081 1116 1217 1163 omnen
1246 1101 1390 1182 gentes

150 1200 194 1262 15
244 1202 432 1267 ser-nient
453 1202 531 1268 illi.
555 1202 611 1267 nbi
634 1202 826 1288 agnouimus
842 1201 1006 1276 Christum
1024 1203 1057 1268 in
1072 1221 1119 1281 eo,
1137 1187 1222 1287 quod
1235 1203 1391 1290 scriptum

244 1311 293 1372 est
313 1308 451 1391 lapidem
476 1308 515 1374 de
533 1311 641 1376 monto
663 1309 732 1375 eine
754 1307 903 1377 manibus
926 1309 1106 1395 praecisum
1129 1304 1263 1398 irogism
1287 1310 1394 1376 omnia
1467 1361 1471 1364 .
1559 1317 1561 1320 ’

243 1433 339 1499 regna
361 1418 516 1480 terrarum
534 1416 645 1499 ntique
662 1415 729 1497 illa,
749 1434 830 1500 qnae
849 1417 888 1482 de
907 1417 1041 1483 uulturio
1055 1418 1246 1488 daemonum
1265 1435 1392 1500 praeeu-

198 1541 226 1580 1o
243 1522 381 1600 mebant,
404 1522 449 1587 ibi
478 1522 669 1607 agnouimus
697 1526 731 1588 et
758 1523 925 1590 eooleaiam
949 1525 982 1588 in
1011 1544 1058 1600 eo,
1087 1522 1171 1607 quod
1195 1523 1316 1588 dietum
1343 1525 1395 1587 ent

243 1627 381 1711 lapidem
395 1627 503 1711 ipsum
513 1629 654 1695 oreniuae
668 1633 701 1695 et
714 1630 837 1696 iactum
851 1633 991 1697 montem
1005 1649 1156 1716 magnum
1172 1632 1204 1694 et
1218 1628 1393 1712 repleniuoe

245 1751 369 1800 omnem
387 1739 515 1804 terram.
538 1736 594 1800 ubi
611 1736 802 1821 agnouimus
823 1734 987 1802 Christum
1005 1734 1037 1800 in
1056 1754 1105 1810 eo,
1129 1734 1214 1820 quod
1238 1735 1394 1818 seriptum

245 1845 307 1907 aot:
341 1841 608 1908 Praeualebit
639 1842 826 1909 dominns
860 1842 1060 1909 aduersus
1094 1861 1162 1907 eoo
1196 1845 1236 1907 et
1268 1844 1392 1906 exter-

245 1949 418 2014 minabit
445 1967 581 2015 omnoe
609 1949 705 2016 deoo
739 1949 921 2034 gentium
949 1954 1093 2027 torrae,
1126 1948 1171 2012 ibi
1199 1947 1390 2032 agnouimus

199 2077 226 2118 no
246 2057 280 2119 et
301 2054 469 2121 eooleaiem
496 2056 528 2121 in
557 2075 604 2135 eo,
633 2056 718 2141 qnod
744 2056 812 2122 illio
840 2057 999 2140 nequitur:
1022 2056 1072 2122 lit
1098 2055 1327 2127 adorabunt
1352 2054 1391 2118 in

247 2167 470 2245 conspeetu
504 2164 591 2228 eino
624 2164 909 2247 unusquisqne
946 2164 991 2233 de
1022 2163 1112 2229 loco
1144 2181 1217 2227 sno
1256 2179 1390 2227 omnes

245 2266 407 2334 insulae
440 2268 631 2353 gentium.
665 2269 721 2336 nbi
749 2271 940 2354 agnouimus
970 2270 1132 2337 Obriotum
1163 2268 1196 2334 in
1225 2264 1272 2345 eo,
1305 2265 1391 2349 quod

200 2441 204 2446 ,
247 2371 495 2456 scriptumest:
525 2375 635 2441 Deua
667 2377 712 2442 ab
741 2376 881 2443 Africo
914 2376 1056 2442 ueniet
1082 2378 1122 2441 ot
1150 2376 1317 2440 sanetus
1346 2372 1392 2437 de

247 2483 381 2545 monte
417 2482 623 2560 umbroa03
666 2482 826 2567 operiet
862 2484 1000 2549 oaelou
1037 2483 1173 2549 uirtus
1199 2466 1311 2560 'eiua
1347 2479 1393 2544 ibi

198 2609 228 2650 ao
247 2586 437 2669 agnouimus
462 2588 629 2654 eeclesiam
652 2590 685 2654 in
709 2608 759 2666 eo,
783 2589 867 2674 quod
891 2589 1050 2675 sequitur:
1073 2590 1121 2655 Et
1142 2587 1279 2654 laudis
1304 2585 1393 2652 eina

247 2692 366 2774 plena
397 2696 461 2759 eut
492 2700 612 2763 terra.
645 2695 684 2761 ab
711 2696 820 2762 Airioo
849 2696 939 2762 enim>
964 2696 1071 2780 posita
1103 2699 1154 2762 eut
1179 2679 1392 2770 Hierusalem,

248 2797 334 2863 siout
355 2800 473 2885 legitur
494 2802 527 2866 in
549 2801 629 2868 libro
647 2802 723 2868 leun
740 2801 841 2882 Naue,
864 2801 949 2869 undo
970 2821 1084 2868 nomen
1104 2798 1225 2869 Christi
1242 2797 1394 2863 diffusum

248 2907 312 2981 eut3
341 2910 374 2970 et
399 2906 445 2972 ibi
468 2912 520 2978 eat
545 2927 637 2991 mono
660 2910 843 2986 umbrosus,
870 2927 962 2975 mona
989 2907 1112 2986 obnubi,
1141 2906 1225 2975 unde
1252 2902 1396 2971 aseendit

248 3009 280 3074 in
314 3014 447 3094 oeelnm,
484 3018 521 3081 nt
553 3015 729 3098 cooperiret
759 3016 866 3086 caelos
902 3015 1007 3080 nirtue
1040 3013 1109 3079 eine
1139 3017 1174 3078 et
1209 3013 1396 3095 impleretur

198 3140 231 3182 ει
250 3118 386 3185 eeclesia
398 3140 455 3204 per
468 3140 593 3188 omnem
606 3125 723 3191 terram
737 3121 843 3192 laudia
856 3123 937 3188 eine.
956 3121 1012 3187 nbi
1027 3121 1216 3206 agnouimus
1231 3119 1395 3185 Christum

248 3222 353 3305 ineo,
381 3227 467 3310 quod
494 3227 650 3312 seriptum
677 3231 740 3293 eat:
770 3225 889 3294 Siout
917 3226 1007 3302 onio
1035 3225 1081 3292 ad
1109 3225 1394 3292 immolandum

341 3489 354 3543 1
374 3488 419 3543 nn.
439 3489 483 3553 τι,
501 3487 587 3542 8-11
644 3489 749 3544 anan.
764 3490 789 3553 a,
804 3489 912 3544 ea-ae
963 3463 1245 3559 1a;1n's0pn.a,11
1263 3443 1266 3450 ¹
1300 3484 1346 3551 ne,
1360 3485 1396 3540 ao

250 3576 392 3641 uenae
446 3578 478 3632 21
495 3576 549 3631 10⁸.
565 3578 607 3640 15,
621 3577 650 3642 e;
668 3578 709 3640 ne,
724 3577 770 3640 1a;
784 3576 849 3633 nae.
868 3578 912 3640 aa,
930 3577 980 3640 ou
998 3575 1067 3632 aar:
1080 3577 1104 3640 1,
1125 3576 1158 3630 12
1196 3575 1247 3629 eo
1262 3574 1306 3629 ne.
1322 3573 1396 3642 aar

289 3735 301 3788 1
322 3735 382 3805 ipro
401 3750 453 3789 ono.
472 3734 535 3788 MR
640 3734 835 3805 dominabitur]
855 3739 884 3789 ut
901 3733 1087 3790 dominabitur
1104 3732 1165 3788 edd.
1183 3748 1234 3788 reo.
1251 3748 1324 3787 uuor.
1344 3732 1396 3786 litt.

255 3824 272 3876 2
291 3839 308 3877 a
326 3824 435 3878 flumine
448 3840 548 3894 onaqne
567 3823 604 3878 Μ
690 3828 822 3879 terrarum
841 3822 903 3878 edd.
920 3839 971 3879 aee.
994 3822 1075 3892 Volo.
1165 3821 1181 3877 8
1200 3818 1329 3876 derident
1344 3819 1401 3876 FP

251 3911 413 3981 «tlingnent
431 3911 462 3966 Ε
530 3913 738 3982 'dignoscimur
755 3911 873 3968 MAPR
944 3927 967 3974 a,
986 3926 1055 3967 eon.
1073 3914 1135 3965 ool
1155 3926 1187 3964 eo
1205 3908 1236 3963 F
1304 3907 1398 3963 Saine

252 4000 377 4055 munitur
395 4017 447 4056 ono.
467 4000 505 4054 M
576 4001 609 4056 10
627 4000 806 4071 eognouinnm
823 4000 851 4054 A
924 4003 952 4054 et
969 4016 1022 4055 om.
1041 3999 1068 4053 P
1141 3996 1174 4052 18
1192 3997 1397 4068 praeualebit-

252 4089 382 4159 aoriptum
407 4094 450 4144 eut
472 4106 524 4143 om.
543 4090 580 4143 M
685 4089 847 4160 praebebit,
861 4092 926 4144 Μ
946 4086 1118 4160 praeualebit
1134 4087 1163 4140 A
1254 4087 1288 4141 14
1306 4086 1353 4140 ubi
1372 4087 1399 4140 A

254 4178 288 4236 18
307 4182 336 4232 et
353 4195 404 4233 om.
423 4177 506 4232 APR
565 4178 598 4233 19
618 4174 920 4248 uirtuu1maieotnad1
976 4176 1009 4231 21
1030 4174 1157 4229 afrieaA
1218 4177 1254 4230 22
1271 4176 1300 4230 in
1317 4176 1400 4244 libro]

253 4266 331 4320 inbro
351 4269 376 4320 Δ
431 4269 467 4321 24
486 4268 573 4321 uirtuo
592 4267 641 4330 bio,
661 4267 779 4322 olim
798 4265 850 4322 det.
868 4268 897 4321 A
