3309 4867
620 375 646 429 S.
676 377 815 430 Aureli
846 377 1064 448 Augustini

2 547 202 638 μ
268 574 344 638 tnae
381 570 545 637 dilectioni
583 588 729 655 negarem
769 573 931 654 operulam
963 591 1084 656 meam,
1122 578 1198 657 post
1229 574 1421 657 aliquantam

2 675 36 764 ᾧ
47 679 48 682 ’
63 703 101 778 ly
123 683 155 774 ss
195 687 199 694 ⁴
269 677 528 743 deliberationem
552 676 790 742 rescribendum
814 679 939 760 putaui.
1396 707 1413 748 e

2 805 9 850 Δ
222 771 244 835 2
314 785 425 850 Mouet
451 786 484 848 te
512 785 607 860 certe,
635 785 744 847 utrum
770 782 840 847 eins
863 782 926 849 fide
949 784 1102 851 utendum
1128 786 1181 863 sit,
1206 786 1271 867 qni,
1295 789 1333 851 ut
1354 805 1424 850 earn

269 896 387 969 cernet,
410 909 466 974 per
488 888 655 955 daemonia
677 889 843 956 iurauerit.
868 891 923 956 ubi
948 897 980 956 te
1003 894 1078 958 uolo
1102 891 1192 974 prius
1215 892 1423 966 considerare,

254 1001 387 1075 utrum,
416 997 444 1062 si
473 995 631 1080 quispiam
658 1005 716 1079 per
738 994 815 1060 deos
838 997 939 1063 falsos
962 997 1118 1064 iurauerit
1141 1016 1176 1064 se
1199 997 1294 1063 fidem
1318 1016 1425 1065 serna-
1458 1016 1471 1055 ε

267 1108 377 1170 turum
402 1108 435 1168 et
457 1122 527 1168 earn
549 1120 612 1167 non
636 1102 823 1174 seruarent,
849 1122 911 1169 non
935 1103 995 1169 tibi
1018 1103 1168 1169 uidentur
1189 1104 1239 1169 bis
1262 1123 1423 1186 peccasse.

267 1211 298 1276 si
327 1211 412 1276 enim
438 1209 497 1275 tali
523 1207 681 1274 iuratione
710 1208 904 1291 promissam
933 1211 1109 1276 custodiret
1132 1210 1238 1287 fidem,
1262 1210 1333 1276 ideo
1357 1212 1425 1274 tan·

268 1321 340 1382 tum
367 1331 518 1400 peccasse
547 1313 751 1392 iudicaretur,
781 1315 871 1418 ‹poia›
885 1334 943 1398 per
969 1316 1053 1381 tales
1081 1313 1315 1392 leoninorum
1343 1315 1424 1381 illud

269 1429 377 1489 autem
406 1440 498 1487 nemo
527 1423 612 1485 recte
639 1419 895 1506 reprehenderet,
924 1422 1000 1504 quia
1026 1421 1122 1487 ildern
1155 1422 1309 1487 seruauit.
1341 1439 1427 1486 nunc

204 1547 207 1553 ·
269 1548 358 1605 uero,
387 1530 462 1612 quia
490 1529 523 1592 et
549 1526 680 1604 iurauit,
706 1546 765 1609 per
792 1546 873 1610 quos
901 1546 961 1592 non
990 1527 1112 1607 debuit,
1141 1536 1174 1593 et
1202 1531 1311 1594 contra
1333 1527 1424 1610 polli·
1446 1548 1470 1588 ro

270 1636 367 1701 citam
394 1634 489 1699 fidem
518 1633 605 1712 fecit,
634 1632 719 1717 qnod
747 1653 808 1698 non
838 1632 960 1712 debuit,
989 1633 1040 1700 bis
1067 1634 1181 1718 ntique
1204 1634 1364 1718 peccauit:
1388 1652 1426 1699 ac

269 1762 326 1826 per
348 1743 418 1819 hoc,
442 1740 498 1825 qui
520 1739 625 1805 utitur
647 1739 708 1805 fido
730 1739 832 1818 illius,
856 1759 951 1824 quem
975 1742 1102 1806 constat
1122 1739 1247 1805 iurasse
1270 1757 1327 1823 per
1348 1739 1426 1804 deos

271 1849 380 1930 falsos,
406 1851 439 1913 et
463 1846 566 1912 utitur
588 1866 648 1912 non
673 1845 712 1910 ad
736 1847 855 1911 molam
879 1845 936 1911 sed
959 1845 1000 1911 ad
1021 1846 1144 1912 licitam
1163 1848 1197 1910 et
1214 1845 1328 1911 bonam
1347 1863 1425 1920 rem,

269 1967 332 2021 non
359 1958 491 2037 peccato
521 1952 591 2018 eins
619 1970 653 2017 se
682 1952 794 2029 sociat,
824 1970 887 2036 qno
920 1971 978 2036 por
1009 1951 1175 2017 daemonia
1205 1951 1336 2030 iurauit,
1368 1950 1426 2015 sed

269 2062 353 2126 bono
385 2064 479 2144 pacto
513 2058 593 2135 eius,
618 2077 680 2142 quo
714 2058 809 2124 fidem
839 2060 990 2127 semanit.
1023 2077 1124 2143 nsque
1152 2058 1205 2125 hio
1232 2078 1302 2124 eam
1330 2056 1426 2122 fidem
1446 2079 1471 2121 is

223 2213 225 2216 ψ
270 2166 342 2231 dico
366 2164 496 2239 sommi,
521 2182 585 2246 qua
606 2162 717 2229 fideles
741 2168 907 2240 uocantur,
933 2164 988 2247 qui
1011 2164 1216 2247 baptizantur
1237 2163 1270 2228 in
1289 2161 1426 2229 Christo.

194 2275 197 2282 '
270 2271 328 2337 illa
354 2271 438 2336 enim
466 2271 562 2354 longe
585 2269 649 2334 alic
671 2272 723 2335 cst
744 2267 904 2354 longeque
927 2271 1066 2337 discreta
1089 2291 1108 2337 a
1130 2270 1192 2336 fide
1215 2270 1426 2336 humanorum

269 2378 461 2462 placitorum
486 2380 582 2460 atque
600 2380 775 2461 pactorum.
794 2395 909 2442 uerum
928 2381 1034 2442 tamen
1054 2377 1124 2443 sine
1141 2377 1209 2443 ulla
1228 2376 1446 2442 dubitatione»

272 2484 378 2549 minus
408 2484 529 2549 malum
563 2485 613 2549 est
643 2500 700 2565 por
732 2481 828 2547 deum
859 2482 976 2548 falsum
1011 2483 1115 2549 iurare
1148 2482 1303 2548 ueraciter
1330 2498 1425 2563 qaam

271 2610 328 2674 per
359 2589 453 2654 deum
487 2608 601 2654 uerum
627 2587 796 2654 fallaciter.
831 2592 948 2672 quanto
978 2590 1071 2660 enim.
1101 2608 1157 2673 per
1184 2587 1270 2672 qnod
1291 2587 1424 2652 iuratur.
1444 2611 1471 2649 so
1498 2605 1500 2608 ·

272 2696 377 2782 magis
401 2699 452 2761 est
473 2699 631 2772 sanctum,
659 2698 748 2761 tanto
776 2694 882 2779 magis
911 2697 963 2759 esi
989 2694 1120 2779 poenale
1147 2693 1332 2777 periurium.
1356 2691 1427 2759 ¹clia

272 2822 348 2889 ergo
372 2802 517 2887 quaestio
542 2805 601 2871 ost.
626 2804 734 2867 utrum
758 2820 821 2867 non
844 2805 967 2885 peccet,
991 2802 1044 2884 qui
1068 2820 1125 2885 per
1147 2800 1246 2866 falsos
1269 2799 1345 2864 dens
1365 2796 1426 2864 sibi

273 2910 371 2975 iurari
393 2909 479 2986 iecit
504 2908 655 2992 quoniam
676 2907 743 2986 ille,
768 2907 822 2991 qui
848 2906 878 2972 ei
901 2907 995 2982 iurat,
1025 2907 1100 2974 deos
1127 2906 1227 2971 salsos
1255 2905 1341 2971 colit.
1375 2902 1427 2967 cui

272 3007 454 3099 quaestioni
479 3017 619 3098 possunt
645 3012 702 3080 illa
729 3013 915 3079 testimonia
941 3013 1117 3098 suffragari.
1147 3031 1228 3096 quae
1250 3011 1319 3094 ipso
1343 3028 1427 3075 com·

363 3207 461 3276 24-p.
482 3205 543 3273 131,
561 3207 578 3258 4
597 3201 632 3261 ci.
651 3221 677 3275 p.
698 3204 760 3269 128,
781 3205 887 3259 17-21
1351 3265 1354 3272 Δ

312 3305 446 3374 lnegare
463 3301 494 3356 F
546 3300 645 3357 Bfldei
663 3300 753 3355 MFA
807 3302 874 3355 301
892 3299 962 3371 eam]
981 3299 1064 3354 etiam
1083 3298 1110 3352 A
1170 3296 1225 3369 bis]
1245 3298 1268 3351 ie
1287 3296 1315 3353 R
1334 3297 1374 3352 eis
1389 3296 1424 3350 ΡΙ

273 3391 479 3461 (00110ορ3Ρῖ
532 3392 675 3446 itantum
695 3405 746 3444 om.
766 3389 804 3443 M
856 3388 970 3444 Billurn
989 3386 1080 3442 nm
1146 3386 1180 3440 10
1199 3402 1263 3440 uero
1282 3383 1429 3450 oon'.,m.1

276 3478 341 3534 cdd.
360 3478 398 3534 P¹
462 3480 494 3534 11
515 3478 569 3549 bis]
589 3479 613 3531 is
632 3476 660 3532 R
719 3477 754 3532 13
773 3476 808 3532 acl
826 3477 926 3532 mulam
946 3475 994 3531 sed
1014 3474 1048 3529 ad
1066 3474 1170 3529 licitam
1191 3478 1220 3528 et
1237 3473 1337 3529 bonam
1356 3474 1424 3543 rem]

275 3568 309 3622 ad
328 3567 415 3625 mala.
432 3566 481 3622 aed
500 3566 535 3620 ed
553 3565 645 3621 licito·
663 3569 692 3621 et
709 3565 793 3620 bona·
813 3569 852 3632 (m
865 3569 973 3629 000000)
988 3563 1016 3617 P
1032 3561 1067 3617 ad
1086 3562 1186 3617 indam
1204 3561 1253 3616 sed
1271 3561 1307 3616 ad
1324 3562 1428 3616 licitam

197 3696 202 3708 ,
275 3661 305 3710 et
325 3655 425 3710 bonam
443 3653 562 3709 Mada
585 3653 618 3708 ad
641 3655 740 3708 malam
763 3654 848 3724 (posi.
868 3670 894 3707 m
914 3651 966 3707 del.
985 3653 1061 3719 012)
1084 3649 1134 3705 sed
1157 3648 1192 3711 ad
1214 3650 1292 3706 licita
1310 3653 1339 3704 et
1356 3650 1430 3704 bont

276 3750 322 3812 (av
337 3751 362 3798 et
376 3770 410 3789 m
424 3749 507 3810 eros.)
522 3742 560 3798 P¹
579 3742 615 3797 ad
632 3743 732 3799 malurn
753 3744 829 3808 (eici)
849 3741 899 3796 sed
917 3741 953 3796 ad
966 3741 1070 3796 licitam
1084 3743 1113 3794 et
1128 3739 1225 3793 bonam
1238 3738 1267 3793 R
1281 3738 1316 3793 ad
1330 3738 1428 3793 mulam

275 3850 332 3888 reni
351 3833 399 3887 sed
418 3833 452 3886 ad
471 3832 574 3889 licitam
591 3836 624 3886 'et
640 3831 740 3885 bonam
754 3829 796 3899 cf
803 3832 838 3885 lo·
852 3829 886 3885 ad
900 3830 1002 3884 nimum
1016 3828 1064 3883 sed
1078 3828 1113 3882 ad
1125 3828 1232 3882 licitam
1247 3837 1276 3881 et
1288 3827 1388 3881 bonurn
1404 3842 1429 3879 m

278 3923 311 3977 14
330 3921 402 3991 qnod
420 3921 510 3977 ΜΗ
579 3921 612 3975 15
631 3919 703 3990 qaod
722 3918 870 3974 PMFAR
943 3935 1002 3972 eam
1021 3933 1072 3972 om.
1091 3915 1250 3972 Reandem
1270 3916 1307 3969 M
1322 3917 1349 3981 (n
1368 3917 1430 3968 011

275 4027 298 4065 a.
317 4016 356 4072 u.)
376 4009 483 4065 Falce
575 4010 608 4063 16
627 4013 773 4072 nouantur,
791 4008 1040 4062 m.2luocantur
1058 4004 1095 4059 1²¹
1187 4006 1219 4058 17
1239 4004 1304 4074 alia]
1328 4004 1383 4058 ista
1402 4001 1430 4056 12·

314 4114 399 4154 eom.
418 4095 537 4152 MFAR
593 4096 626 4150 13
645 4095 744 4166 adque,
763 4107 834 4150 soor.
854 4099 936 4165 atque
955 4094 983 4148 P
1034 4097 1174 4164 pastorum
1192 4091 1230 4145 Μ
1281 4091 1317 4146 23
1334 4107 1428 4146 uerum

277 4186 365 4239 iurare
383 4185 519 4240 fallaciter
531 4184 565 4238 R
655 4186 689 4239 23
709 4184 798 4239 intere
816 4183 855 4237 M
934 4198 1016 4253 quam
1034 4180 1112 4237 codd.
1133 4197 1176 4235 oe
1194 4180 1258 4250 quia
1276 4184 1336 4235 cett.
1355 4178 1429 4244 coleh

276 4274 377 4343 scripsi
395 4272 524 4344 qnoniam
