3309 4867
588 415 852 484 epietnlornm
881 412 974 468 cxlx.
1289 420 1351 484 701

210 629 412 696 personarum
439 611 581 676 trinitate
614 610 748 674 huiusce
780 607 866 673 modi
893 609 991 674 uerbo
1018 610 1206 694 conseripsit
1234 610 1353 688 ‘Doue'‚

209 718 348 801 inquam,
373 719 466 781 ‘unus
495 720 554 791 eet,
581 733 735 799 personae
762 718 827 780 tres
856 718 941 781 eunt.
971 715 1049 779 deus
1075 715 1267 782 iodiooretns
1295 721 1354 795 eet,

209 843 359 907 personae
387 823 542 889 discretae
571 825 653 888 sunt.
683 821 761 885 deuo
788 820 872 885 intro
900 821 1014 899 omnia,
1048 825 1134 887 trono
1163 823 1269 888 omnio
1294 827 1354 902 εει,

209 931 322 996 ultime
347 928 492 1007 includit,
520 928 625 993 medie
648 927 770 1011 implet,
799 945 926 992 summe
947 927 1153 1007 tromoendit
1180 928 1265 994 ultro
1287 928 1355 994 oni·

176 1054 302 1102 euerso
329 1039 362 1101 et
386 1055 443 1120 per
469 1035 619 1100 uniuerso
647 1033 848 1109 diffunditur3
877 1052 1029 1117 personae
1057 1038 1164 1101 eutem
1192 1035 1253 1102 eibi
1282 1053 1354 1102 oon·

209 1147 330 1209 stantes
350 1142 541 1227 proprietate
562 1144 777 1219 seoemuntnr,
796 1159 857 1206 non
875 1141 1059 1207 contusione
1073 1141 1257 1208 miscentur.
1278 1140 1356 1207 dene

208 1264 283 1334 ergo
312 1268 394 1314 noue
417 1251 467 1313 εει
491 1252 523 1314 ει
544 1248 663 1330 ubique
686 1250 746 1325 εει,
771 1247 845 1330 quie
868 1250 901 1312 et
923 1247 1006 1312 oliuo
1033 1251 1156 1331 praetor
1176 1247 1270 1324 illum
1292 1267 1353 1314 oon

209 1360 309 1430 estet
330 1357 421 1420 loeus
445 1357 575 1422 nonest
597 1373 732 1432 nocuus,
755 1354 811 1419 nbi
829 1372 900 1419 esse
924 1353 1006 1419 oliuo
1028 1353 1142 1438 poeeit.
1165 1354 1259 1440 pleno
1280 1356 1356 1422 eunt

108 1549 110 1552 v
209 1462 266 1527 deo
291 1461 397 1526 omnia
420 1464 453 1525 et
479 1462 602 1543 praeter
626 1458 722 1524 deum
749 1458 828 1524 nihil
853 1462 911 1524 εει.
939 1458 1010 1540 ipse
1033 1463 1083 1524 εει
1103 1457 1136 1536 in
1158 1462 1258 1543 petre,
1286 1459 1354 1543 ipse

164 1594 189 1633 ro
207 1568 238 1630 in
266 1566 344 1641 titio,
371 1568 442 1650 ipse
469 1565 500 1630 in
529 1565 642 1654 spiritu
672 1568 842 1630 tenetote
869 1583 926 1647 per
953 1564 1013 1630 hoo
1038 1569 1131 1649 peter
1153 1569 1187 1632 et
1211 1565 1298 1632 filine
1322 1568 1355 1631 et

208 1674 339 1756 spiritus
367 1677 498 1738 oenotris
526 1691 586 1735 non
614 1673 724 1754 plores
752 1671 813 1745 dei,
842 1670 898 1735 eod
925 1661 1005 1754 ipse
1022 1690 1105 1737 none
1128 1671 1208 1740 dens
1231 1676 1294 1748 eet:
1322 1676 1355 1737 ot

209 1799 268 1844 non
302 1784 352 1845 eet
382 1776 451 1863 ipee
483 1781 581 1863 poter,
613 1780 668 1861 qni
700 1781 751 1843 eet
786 1777 882 1854 filios,
915 1795 973 1842 nee
1005 1777 1101 1856 filino,
1134 1779 1191 1863 qui
1223 1778 1354 1862 spirituo

207 1896 347 1958 sanctus..
375 1874 464 1969 peter
487 1885 517 1948 in
543 1885 607 1949 filio
631 1891 691 1962 εει,
718 1883 804 1950 tilius
828 1885 859 1949 in
882 1887 983 1967 patre,
1010 1881 1041 1949 in
1065 1889 1198 1969 utroque
1222 1881 1353 1968 spirituo

207 1994 347 2068 sanetus,
376 1992 451 2073 quio
483 1992 645 2056 intritus
673 2009 802 2057 numero
827 2007 891 2059 noo
921 1988 1038 2066 ordino,
1069 1990 1102 2055 id
1130 1993 1181 2059 eet
1210 1990 1353 2075 perronio

159 2120 191 2161 ro
207 2117 268 2164 non
299 2097 420 2162 uirtute
454 2096 598 2161 diseretis
631 2114 715 2161 unue
747 2101 844 2180 etque
874 2096 1081 2162 indiuieibiiie
1113 2096 1238 2163 habitet
1264 2096 1352 2163 dene.

207 2204 321 2280 omnio,
350 2221 430 2285 quoe
458 2203 555 2285 patrie
583 2207 668 2279 eunt,
696 2200 754 2266 filii
782 2205 923 2281 suntet,
951 2219 1030 2285 quoe
1057 2201 1115 2274 tilii
1142 2207 1228 2282 eunt,
1254 2186 1362 2287 petris¹

85 2311 91 2318 '
206 2312 282 2376 eunt
304 2317 346 2385 et,
370 2321 451 2390 quae
480 2308 647 2391 utriusque
675 2310 760 2384 suot,
789 2308 921 2392 spiritus
951 2308 1052 2374 saneti
1080 2308 1265 2391 suetonio
1290 2326 1352 2373 non

206 2414 298 2499 quoti
325 2414 487 2498 aequalem
521 2414 576 2479 sed
604 2413 745 2491 eandem,
778 2414 811 2479 id
843 2418 895 2481 εει
925 2415 1047 2482 nnitom
1079 2435 1141 2482 non
1174 2419 1350 2500 soporatam

205 2520 369 2605 possident
406 2519 624 2599 substantiam
652 2520 794 2596 deitatim
834 2525 867 2587 et
901 2520 973 2587 ideo
1010 2522 1063 2586 uel
1099 2521 1266 2587 maiestate
1297 2522 1352 2586 uel
1431 2609 1434 2614 Ι

162 2629 308 2695 monetote
332 2628 412 2694 atter
440 2624 574 2692 alterurn
598 2646 659 2692 non
685 2626 856 2710 praeeedit,
881 2627 955 2710 quia
979 2626 1089 2707 diuidi,
1114 2626 1198 2712 quod
1222 2613 1350 2710 plenum

205 2743 265 2810 εει,
297 2753 358 2813 non
391 2736 499 2817 potest
527 2753 583 2798 nec
612 2733 719 2798 estin
752 2732 949 2817 plenitudino
976 2733 1107 2817 aliquid,
1136 2733 1222 2818 quod
1249 2735 1352 2818 possit
1381 2801 1387 2814 ⁴

204 2839 434 2924 plenitudinem
462 2858 606 2922 separare
631 2844 664 2904 et
685 2840 833 2904 maiorem
862 2839 919 2905 noi
950 2838 1105 2905 minorem
1128 2839 1219 2906 elteri
1247 2831 1350 2906 feeer'e
1380 2875 1381 2878 =

203 2947 390 3030 portionem.
414 2945 447 3010 in
469 2946 614 3028 perronio
640 2948 826 3011 autemnon
849 2945 975 3024 iterent,
999 2945 1073 3029 quio
1095 2947 1195 3029 patrie
1218 2963 1352 3030 persone

199 3037 341 3118 nonest
367 3051 425 3115 filii
449 3071 506 3116 noo
534 3051 591 3116 tilii
620 3071 753 3135 persono
776 3051 886 3117 eadem
909 3055 960 3122 est
986 3052 1118 3136 spiritns
1147 3053 1259 3118 naneti.
1288 3071 1351 3118 uno

102 3185 105 3194 ’
160 3184 187 3226 rr
204 3142 309 3223 uirtus
337 3162 396 3235 εει,
430 3175 523 3241 qnam
551 3158 635 3223 trine
666 3157 810 3241 possidet
841 3158 957 3235 uirtus,
989 3175 1052 3223 nno
1083 3158 1264 3224 substantio
1290 3161 1350 3235 εει,

204 3267 235 3330 in
270 3282 332 3348 qne
362 3263 424 3329 trie
455 3269 540 3340 eunt,
574 3285 654 3347 quae
687 3265 875 3334 subsistunt.
907 3268 997 3348 poter
1029 3284 1103 3349 ergo
1137 3267 1169 3329 et
1199 3263 1286 3329 tros
1318 3266 1351 3328 et

202 3372 336 3456 spiritns
359 3382 488 3439 sanetus
512 3372 677 3436 maiestate
700 3371 818 3454 ubique
841 3376 927 3449 sunt,
952 3371 1025 3454 qnia
1048 3391 1146 3437 unum
1170 3375 1255 3450 eunt,
1283 3388 1352 3454 per·

204 3479 291 3543 eonio
313 3480 438 3543 tontum
462 3477 546 3562 opud
574 3496 608 3543 ee
636 3480 721 3556 eunt,
745 3478 820 3561 quie
843 3480 908 3543 tres
931 3478 1026 3543 sunt’.
1055 3482 1086 3544 et
1109 3476 1232 3561 relique
1253 3476 1349 3542 hoino

204 3582 290 3648 modi
317 3585 424 3648 terem
451 3601 517 3648 rem
545 3593 582 3648 e'o
610 3602 712 3666 neque
741 3583 865 3663 deduxi,
894 3586 931 3649 nt
957 3587 1138 3679 praesentet
1165 3583 1294 3669 quidem
1318 3589 1351 3648 et

622 3739 639 3778 0
1187 3748 1190 3755 .

242 3791 530 3847 lhninemodi.OPT
547 3792 606 3846 edd.
688 3792 793 3846 2nnno
812 3795 855 3847 eit
872 3797 901 3848 et
918 3807 1049 3864 personae
1067 3792 1127 3849 edd.
1199 3778 1351 3860 iiim

202 3897 290 3950 upra
313 3880 365 3935 eibi
388 3880 416 3933 B
438 3885 503 3935 eunt
527 3876 605 3934 OPY
626 3881 687 3938 edd.
705 3888 820 3950 praeter
837 3898 864 3935 m
972 3880 1007 3936 10
1029 3881 1087 3952 per]
1111 3885 1174 3952 poet
1194 3880 1274 3936 OPT
1289 3879 1349 3936 dd.

199 3976 357 4038 praeterere
447 3969 477 4023 ll
499 3968 527 4022 dr
545 3977 591 4034 (=
610 3967 665 4037 dei)
683 3969 742 4024 BT
758 3969 796 4024 dii
817 3970 868 4025 ΟΡ
884 3969 945 4023 edd.
1046 3969 1173 4025 euidens
1192 3968 1348 4025 oPreao.

205 4057 238 4112 12
257 4059 304 4128 qni
322 4063 365 4111 εει
382 4058 494 4127 spirituo
513 4058 573 4112 edd.
637 4059 670 4112 17
689 4058 795 4129 ntriorq
814 4074 876 4113 enen
888 4074 987 4128 panon
1001 4065 1066 4128 poet
1085 4059 1104 4129 (ῑ
1120 4075 1177 4113 rao.
1196 4059 1224 4113 B
1295 4074 1348 4114 noo

203 4146 282 4216 quoi
300 4160 343 4199 orn
373 4145 452 4199 OPT
468 4146 529 4200 edd.
543 4153 702 4215 praetereo¹
765 4149 797 4201 18
816 4147 922 4201 unicam
941 4143 1002 4202 edet.
1074 4147 1252 4218 rerepente
1273 4147 1352 4204 OPT

202 4232 263 4288 eae.
279 4239 426 4302 praetem
533 4231 675 4306 minorem]
697 4235 825 4290 maiorem
847 4235 900 4289 OT
1006 4235 1041 4289 26
1064 4238 1092 4288 et
1110 4242 1177 4305 port
1199 4252 1265 4307 erpo
1287 4252 1349 4299 om,

202 4320 451 4387 or‚1t?)odd.B
504 4322 538 4376 27
558 4323 658 4393 utique
677 4329 720 4378 eet
739 4325 801 4393 quio
824 4323 850 4377 Τ
