3309 4867
317 385 383 450 446
700 382 728 439 S.
755 384 892 438 Aureli
920 384 1137 474 Augustini

317 578 412 645 modo
444 579 561 645 mutari
591 580 622 645 in
655 579 773 645 melius
801 579 988 663 cogitarent,
1015 579 1077 644 nisi
1105 579 1165 645 hoe
1188 584 1305 646 terrore
1328 579 1471 663 perculsi

316 683 489 751 sollieitam
519 689 660 751 mentem
692 686 732 751 ad
764 685 1047 751 considerationem
1078 682 1224 761 ueritatis
1260 686 1469 765 intenderent,

317 810 356 856 ne
378 792 471 871 forte,
496 793 524 859 ai
547 813 608 860 non
631 813 687 879 pro
706 793 832 859 institia
851 793 908 859 sod
925 812 981 878 pro
1000 793 1210 877 peruersitate
1230 798 1263 859 et
1284 813 1470 877 praesump-

316 898 402 963 tione
439 899 604 965 hominum
640 901 727 984 ipsas
763 900 956 984 temporales
993 900 1159 967 molestias
1200 900 1397 966 infructuosa
1435 902 1501 964 et·

317 1022 399 1070 uana
421 1006 590 1072 tolerantia
612 1009 804 1091 paterentur,
829 1005 914 1089 apud
937 1007 1032 1073 deum
1056 1009 1168 1090 postea
1196 1025 1258 1072 non
1286 1005 1468 1071 iuueniront
1502 1031 1522 1083 s

319 1111 380 1175 niei
404 1109 528 1177 debitas
552 1132 668 1197 poenae
691 1111 874 1197 impiorum,
898 1113 952 1196 qui
976 1113 1046 1179 eius
1069 1117 1134 1178 tam
1156 1113 1260 1183 lenem
1279 1111 1471 1177 admonitio·

318 1236 390 1282 nem
415 1221 447 1283 et
470 1218 598 1301 paterna
619 1218 747 1304 flagella
769 1219 1029 1302 oontempserint
1053 1238 1089 1285 ao
1112 1220 1160 1284 sio
1181 1220 1246 1285 iata
1275 1218 1469 1304 cogitatione

317 1323 438 1391 dociles
474 1325 551 1390 laeti
587 1345 648 1391 non
684 1326 717 1390 in
751 1324 919 1391 calumniis
951 1326 984 1390 et
1014 1320 1132 1390 fabulis
1166 1325 1313 1393 humanis
1346 1325 1401 1390 aed
1435 1325 1468 1389 in

318 1431 436 1497 diuinis
468 1432 558 1498 libris
591 1435 778 1516 promissam
811 1450 869 1514 per
895 1450 1006 1498 omnes
1034 1436 1144 1517 gantos
1166 1431 1346 1497 inuenirent
1368 1432 1469 1496 ecole-

282 1618 285 1622 ,
319 1535 409 1614 eiam,
432 1558 527 1622 quam
551 1539 620 1605 suis
643 1538 746 1604 oeulis
770 1537 859 1603 reddi
882 1537 1110 1621 conspicerent
1132 1537 1164 1602 in
1189 1537 1304 1621 quibus
1327 1541 1360 1602 ot
1378 1536 1468 1602 Chri·
1493 1564 1520 1601 ιο

283 1706 287 1712 ,
319 1647 406 1708 stum
440 1646 696 1729 praenuntiatum
735 1646 831 1709 etiam
868 1663 930 1710 non
964 1644 1074 1709 uisum
1113 1663 1209 1729 super
1249 1644 1353 1709 oaelos
1394 1662 1468 1708 esse

318 1750 448 1819 minime
473 1750 663 1817 dubitarent.
688 1770 762 1816 num
789 1749 938 1833 quidnam
963 1769 1022 1834 ego
1045 1749 1181 1815 istorum
1205 1750 1303 1816 saluti
1325 1748 1468 1814 inuidere

319 1856 483 1935 debebam,
508 1861 545 1922 ut
567 1858 708 1943 collegas
731 1874 820 1923 meos
843 1856 882 1922 ab
907 1856 1117 1921 huiuamodi
1143 1860 1273 1940 paterna
1300 1855 1469 1940 diligentia

319 1982 510 2041 remearem,
538 1985 594 2047 per
621 1984 716 2048 quem
744 1964 866 2029 loetum
894 1967 954 2041 est,
983 1966 1020 2029 ut
1042 1965 1161 2029 multos
1185 1963 1352 2029 uideamus
1374 1981 1468 2028 acon·

318 2088 387 2152 pare
424 2088 515 2135 suam
556 2071 722 2154 pristinam
764 2072 973 2136 eaecitatem?
1014 2070 1069 2153 qui
1110 2089 1186 2135 enm·
1224 2089 1320 2154 super
1360 2068 1466 2133 caelos
1489 2094 1518 2133 ω

317 2176 491 2242 exaltatum
523 2176 685 2244 Christum
717 2178 815 2242 etiam
846 2195 908 2242 non
940 2176 1086 2243 uidentes
1118 2176 1296 2254 eredebant
1333 2175 1467 2260 gloriam

277 2351 283 2363 ,
318 2286 424 2347 tamen
457 2283 527 2349 eiua
560 2302 655 2366 super
686 2302 813 2348 omnem
832 2286 958 2349 terram
994 2283 1091 2348 etiam
1121 2282 1268 2349 uidentes
1298 2280 1466 2365 negabant,

319 2408 392 2455 eum
423 2391 579 2474 propheta
610 2392 782 2473 utrumqne
815 2408 886 2454 uns·
911 2389 1069 2455 sententia
1095 2392 1185 2455 tanta
1210 2387 1467 2455 manifestatione

319 2490 502 2579 complosus
526 2496 572 2561 sit
593 2495 715 2562 diesne:
745 2484 936 2561 Exsltnr‘e
963 2515 1086 2580 super
1115 2495 1261 2575 caelos,
1291 2495 1397 2573 dous,
1426 2498 1468 2559 et

320 2621 441 2685 super
463 2621 614 2670 omnem
638 2606 787 2668 terram
811 2602 945 2686 gloria
968 2607 1047 2669 tua.
1486 2626 1518 2666 so

272 2704 294 2766 2
327 2710 448 2777 „noos
484 2729 560 2794 orgo
597 2712 721 2775 atroces
759 2709 918 2792 qnondam
955 2709 1101 2776 inimioos
1133 2713 1260 2776 nostros
1290 2727 1401 2792 panem
1434 2716 1467 2773 et-

319 2815 458 2896 ouietom
481 2820 620 2882 nostram
644 2815 743 2880 uariis
771 2815 995 2881 rriolentiarum
1024 2820 1057 2881 et
1082 2816 1269 2883 insidiarum
1297 2814 1467 2902 generibus

319 2922 459 3007 maniter
485 2922 672 2987 infestantes
700 2922 729 2987 si
757 2924 803 2987 sio
831 2926 1104 2988 contemneremus
1132 2926 1166 2987 et
1186 2923 1405 2997 toleraremus,
1429 2925 1467 2986 ut

319 3028 399 3093 nihil
429 3030 568 3109 omnino,
601 3028 686 3111 quod
720 3028 760 3093 ad
792 3046 846 3093 sos
873 3027 1035 3094 terrendos
1064 3048 1100 3094 ao
1129 3028 1330 3114 o'orrigeudoe
1358 3028 1467 3094 ualere

319 3137 439 3217 posset,
463 3135 696 3220 excogitaretur
719 3138 752 3200 et
774 3137 962 3218 argueretur
984 3153 1002 3199 a
1024 3135 1126 3213 nobis,
1154 3154 1229 3201 uero
1255 3137 1374 3200 malum
1408 3153 1465 3218 pro
1486 3160 1516 3199 se
1616 3164 1622 3175 ·

318 3218 406 3307 malo
429 3241 642 3308 redderemus.
675 3241 705 3307 si
732 3242 815 3306 onim
844 3241 1014 3324 quisquam
1036 3238 1202 3311 inimicum
1225 3260 1320 3307 suum
1343 3240 1465 3322 perieu-

411 3502 443 3555 19
461 3501 506 3557 Ps
529 3502 588 3564 101,
606 3504 623 3554 6

355 3659 372 3712 3
391 3659 414 3712 si
433 3676 484 3716 oss.
503 3660 618 3727 MACP
635 3659 714 3730 (aad.
733 3678 767 3716 m.
779 3663 807 3729 2)
863 3662 1002 3724 uorsitste,
1021 3677 1089 3716 corr.
1109 3660 1216 3731 (mli)
1235 3666 1412 3730 peruersitate
1432 3656 1467 3712 M

319 3747 338 3800 6
356 3747 409 3801 nisi
428 3748 468 3814 (ni
486 3765 520 3803 ea
537 3765 593 3802 ros.
613 3753 637 3803 et
656 3754 724 3802 eorl.
744 3751 822 3814 m.2;
834 3749 931 3817 fuitne
950 3747 1017 3819 trel)
1036 3748 1072 3802 Μ
1131 3750 1146 3802 7
1166 3751 1227 3820 ipss
1244 3749 1272 3803 R
1332 3750 1349 3801 9
1368 3754 1467 3817 gentes

320 3836 752 3906 orn.‚inmarp.m.2‹sdrtL
795 3838 829 3891 13
847 3836 1006 3890 debesmA
1048 3838 1080 3891 15
1101 3836 1276 3892 cumomL
1312 3836 1467 3892 animnos
1566 3892 1569 3899 ,

322 3926 388 3988 (ras.
407 3923 527 3991 1-21.)
546 3924 582 3978 M
659 3928 767 3979 nostros
786 3942 848 3991 one,
865 3930 931 3982 m.2
949 3925 1014 3979 add.
1033 3925 1060 3980 L
1131 3927 1166 3982 28
1185 3927 1316 3996 grauiter]
1336 3924 1466 3996 graeibus

320 4011 442 4079 grauiter
459 4011 498 4066 ed.
518 4012 608 4075 Miner.
682 4018 980 4084 eontenrpneremuset
997 4015 1144 4073 toleremus
1160 4015 1345 4081 (κθ-οων.
1366 4012 1466 4068 tolera·

321 4100 476 4163 romualdi
492 4103 716 4157 contemnerirnus
736 4106 764 4155 et
781 4102 928 4157 toleramus
947 4103 973 4156 A
1029 4104 1189 4157 eromuino
1209 4104 1251 4157 tis
1272 4106 1296 4156 t}
1364 4118 1395 4155 ae
1413 4118 1467 4156 om.

321 4187 411 4242 Malli
482 4189 690 4258 corrigendosue
709 4190 737 4246 R
826 4191 861 4245 25
880 4195 1040 4260 argueretur
1057 4192 1093 4246 Μ
1109 4208 1175 4246 ieros.
1195 4195 1331 4261 agentur)
1348 4191 1377 4246 R
1394 4196 1468 4255 (sm

320 4292 408 4337 suspiro
426 4277 436 4330 l
457 4279 595 4347 ageretur>
615 4282 741 4349 ageretur
759 4278 786 4333 L
804 4278 895 4333 elrm
916 4280 1103 4348 agitaretnrj
1166 4300 1257 4336 nerum
1272 4282 1308 4336 ,u
1317 4290 1347 4335 et
1362 4296 1425 4333 uere
1440 4280 1468 4333 P
