3309 4867
598 350 863 468 epistularum
892 397 990 456 XCIII.
1299 404 1361 468 491

214 590 309 673 ponit
339 594 516 674 apostolus,
545 593 600 658 ubi
628 593 725 660 etiem
753 595 900 660 haereses
924 598 1101 661 enumerat:
1130 576 1364 677 Manifestis,

215 697 335 779 iuquit,
358 703 454 765 suut
480 717 601 785 opere
629 700 775 780 earnis,
799 719 898 784 quae
927 703 1023 766 sunt
1049 700 1363 783 fornicetIoues‚

163 795 166 800 ’
215 803 1363 890 inmunditiae,lururia,idolerumseruitus,ueneiioia,

216 910 479 990 Inimicitiae,
520 912 822 989 contentiones,
864 912 1176 991 aemulationes,
1219 914 1364 983 animo·

178 1017 386 1096 esitates,
422 1018 721 1099 dtasensioues,
762 1019 962 1093 haereses,
1004 1018 1199 1097 inuidiae,
1239 1020 1364 1086 ebrie·
1403 1054 1412 1059 -

216 1128 339 1201 tabee,
366 1124 692 1217 comissationes.
708 1127 746 1190 et
773 1125 834 1190 bis
863 1124 1029 1201 similia,
1049 1141 1148 1208 quae
1172 1124 1361 1206 praedico

216 1229 350 1307 uobis,
387 1230 498 1297 sieut
528 1230 725 1315 praediri,
759 1232 958 1314 quoniam,
990 1230 1059 1314 qui
1090 1229 1195 1298 talia
1227 1235 1383 1315 agunt,

216 1355 383 1423 reguum
403 1336 467 1402 dei
486 1357 563 1403 non
581 1337 866 1420 possidebunt.
891 1338 951 1402 bae
970 1355 1045 1422 ergo
1063 1336 1196 1417 untione,
1216 1337 1365 1421 quamuis

215 1444 413 1528 baptizatum
432 1445 476 1509 sit
492 1447 568 1528 post
585 1444 767 1523 Iohannem,
790 1460 852 1510 uun
870 1443 1050 1528 baptizatur
1066 1446 1142 1528 post
1158 1441 1364 1520 haereticum,

162 1568 197 1608 ιο
217 1568 281 1633 qua
311 1549 441 1629 ratione,
474 1551 622 1634 quamuis
664 1551 861 1636 baptizatum
899 1550 944 1616 sit
978 1552 1054 1634 post
1075 1548 1270 1627 Iohannem,
1300 1533 1364 1614 non

215 1655 397 1738 baptizatur
422 1658 497 1740 post
523 1655 695 1733 ebriosum,
722 1655 871 1739 quoniam
898 1656 932 1719 et
958 1654 1106 1725 haereses
1134 1656 1168 1718 et
1193 1652 1365 1720 ebrietates

216 1761 250 1826 iu
274 1762 321 1828 eie
344 1760 492 1845 operibus
515 1764 601 1840 sunt,
629 1752 710 1844 quae
734 1780 829 1846 opera
852 1760 906 1844 qui
930 1754 1040 1845 agunt,
1067 1778 1200 1844 regnum
1224 1759 1275 1826 dei
1303 1779 1364 1826 nou

217 1867 435 1959 possidebunt.
457 1886 560 1934 nonne
582 1868 642 1934 tibi
664 1868 793 1934 uidetur
815 1868 906 1951 quasi
927 1866 1170 1934 intolerabiliter
1186 1866 1363 1951 indignum,

215 1977 265 2052 ut,
293 1995 365 2041 eum
392 1975 588 2057 baptizatum
614 1975 812 2059 fuerit-post
839 1993 922 2051 eum,
951 1973 1094 2058 quinon
1123 1973 1227 2040 sobrie
1253 1969 1363 2038 uiuum

161 2100 198 2142 ra
215 2081 328 2147 bibens
351 2081 407 2146 sed
429 2082 541 2147 uiuum
560 2082 686 2147 omniuo
705 2098 768 2146 uon
788 2081 902 2165 bibens
924 2099 1021 2166 regno
1044 2078 1093 2145 dei
1118 2081 1205 2145 uiam
1227 2078 1363 2162 parauit,

217 2206 279 2252 non
303 2187 481 2271 baptizetur
502 2193 577 2271 poet
596 2187 768 2266 ebriosum,
787 2188 844 2271 qui
862 2205 995 2272 regnum
1014 2185 1066 2251 dei
1081 2204 1145 2251 non
1165 2185 1364 2270 possidebit?

217 2292 295 2376 quid
319 2292 371 2359 hie
393 2293 611 2376 respondetur,
640 2294 703 2359 nisi
726 2293 802 2376 quia
826 2294 884 2360 ille
911 2293 1091 2377 baptismus
1115 2296 1183 2358 erat
1204 2292 1364 2372 lobannis,

218 2403 293 2483 post
319 2418 412 2483 quem
439 2400 557 2466 Christi
585 2399 743 2484 baptismo
766 2399 944 2483 baptiiauit
967 2399 1144 2484 apostolus,
1167 2399 1230 2465 iste
1258 2404 1364 2467 eumin

176 2595 180 2600 .
217 2506 396 2588 baptismus
417 2505 538 2573 Christi
556 2508 615 2584 est,
634 2525 697 2592 quo
717 2506 896 2589 bsptineuit
913 2506 1079 2573 ebriosus?
1098 2504 1182 2573 inter
1193 2506 1365 2573 Iohannem

163 2633 198 2674 en
218 2618 253 2678 et
279 2612 440 2678 ebriosum
467 2611 669 2691 auontrarie
701 2612 842 2680 multum
873 2612 1022 2689 interest,
1055 2612 1139 2678 inter
1169 2611 1365 2697 baptismum

218 2717 368 2783 Iohannis
401 2721 434 2783 et
464 2718 660 2802 baptismum
689 2718 810 2785 Christi
842 2735 903 2784 non
936 2718 1138 2785 econtrario
1171 2717 1228 2784 sed
1259 2721 1365 2785 tamen

219 2827 358 2891 rnultum
375 2825 517 2891 interest.
536 2824 619 2890 inter
637 2825 818 2909 apostolum
834 2829 867 2892 et
880 2825 1043 2902 ebriosum
1061 2825 1201 2891 multum
1218 2825 1365 2900 interest3

217 2932 299 2997 inter
321 2931 517 3016 baptismum
537 2931 667 3010 Christi,
691 2951 786 3015 quem
806 2931 895 3001 dedit
917 2920 1092 3015 apostolus,
1116 2935 1149 2997 et
1170 2931 1366 3013 baptismum

218 3036 348 3116 Christi,
372 3057 467 3122 quem
486 3037 575 3103 dedit
593 3038 748 3114 ebriosus,
771 3037 853 3104 nibil
869 3038 1013 3105 interest.
1036 3037 1083 3103 sie
1101 3037 1183 3104 inter
1195 3037 1367 3104 Iohannem

166 3165 199 3206 es
218 3148 252 3209 et
273 3143 465 3210 haereticum
486 3144 679 3210 econtrario
703 3142 849 3214 multnm'
861 3145 996 3211 interest
1013 3147 1047 3208 et
1067 3143 1150 3209 iuter
1171 3144 1366 3229 baptismum

255 3405 257 3411 ·
309 3387 322 3441 1
344 3385 404 3441 Gal.
423 3391 448 3449 ὃ,
469 3388 572 3443 19-21

256 3580 268 3634 1
291 3583 376 3648 ponat
392 3579 420 3633 P
435 3579 513 3649 (Μ
529 3580 618 3650 ponit)
637 3579 664 3633 L
771 3580 929 3649 manifeste]
955 3578 1104 3634 manileeta
1126 3584 1217 3634 autem
1237 3580 1297 3635 edo.
1315 3597 1366 3636 sec.

215 3683 293 3722 sacr.
310 3667 362 3722 uo.
416 3650 517 3722 dsunt
534 3668 667 3738 inquitL
716 3667 916 3725 Ciumuudiciu
929 3668 956 3722 L
973 3682 1024 3722 seo.
1042 3683 1115 3722 eausa
1134 3668 1187 3723 lter.
1207 3667 1325 3724 inuidiae
1339 3668 1368 3724 Β

255 3755 374 3811 luxuriae
393 3754 450 3809 ΡΝ
493 3756 753 3811 dauimosItalieC
795 3756 954 3812 5inuidiae
972 3756 1161 3812 immunditiae
1180 3756 1326 3813 ebrietates
1339 3757 1368 3813 R

216 3846 235 3897 9
253 3858 307 3899 neo
327 3848 390 3913 poet
408 3843 564 3914 baptizatur
581 3849 645 3915 poet
657 3845 683 3899 A
702 3861 757 3899 nou
776 3843 946 3914 baptizatum
965 3848 1009 3899 eet
1027 3848 1089 3915 poet
1102 3844 1134 3899 N
1188 3847 1218 3899 ll
1241 3847 1367 3915 quoniam

217 3934 327 3987 hereses
345 3932 373 3986 P
427 3932 569 3986 12111213
625 3934 658 3988 15
678 3932 723 3987 uit
741 3938 758 3987 h
775 3933 885 4002 parauit
903 3933 943 3998 (iu
960 3939 977 3988 b
995 3933 1118 4002 exle
1171 3934 1205 3987 18
1224 3950 1278 4004 per.
1298 3950 1366 3993 corr.

216 4019 409 4091 en.1poetN
480 4019 658 4090 loquerer
742 4021 867 4091 baptizat
884 4019 918 4075 Ν
986 4021 1019 4074 21
1041 4019 1135 4074 christi
1156 4025 1185 4075 et
1202 4022 1366 4091 baptismum

216 4109 343 4163 lobannis
362 4108 390 4162 P
405 4107 466 4165 edd.
557 4109 592 4163 23
610 4114 676 4179 poet
698 4107 801 4164 Chrieti
823 4124 881 4164 rue.
905 4108 992 4163 enine
1013 4108 1072 4178 fere
1095 4109 1368 4177 n.(2e-2ol.)1t

254 4195 303 4251 det
314 4197 347 4250 N
388 4198 422 4251 24
441 4198 523 4267 iuter]
543 4197 658 4252 interest
676 4196 749 4251 iuter
762 4197 789 4251 L
829 4196 864 4252 25
883 4197 1054 4250 econtrario
1073 4195 1187 4251 multum
1208 4197 1322 4252 interest
1340 4202 1369 4252 et

217 4303 283 4347 om,
303 4288 450 4339 m.2ete.
471 4303 498 4339 ee.
520 4285 586 4339 adu.
605 4285 632 4339 L
704 4272 1009 4339 multumncon'treriu
1028 4284 1057 4338 R
1131 4293 1158 4338 et
1178 4287 1277 4340 orno
