3309 4867
305 424 371 488 628
680 422 708 477 S.
736 422 873 480 Aureli
900 421 1119 493 Augustini

306 614 483 694 concordie,
502 613 531 681 si
545 615 624 680 dcns
638 615 788 680 adiuuere
803 617 837 681 et
848 615 942 686 uobis
960 616 1124 700 peciiioem
1143 623 1283 686 mentem
1300 618 1458 704 inepim

305 721 467 807 dignetur.
489 739 561 788 nem
581 724 615 786 et
637 721 729 800 illud,
754 722 840 805 quod
858 727 967 788 contre
988 742 1047 789 nos
1066 742 1087 789 u
1106 729 1216 790 uentre
1238 731 1327 808 purte
1349 725 1455 809 megin

305 847 360 895 ore
396 826 551 895 melodico
585 846 679 911 quern
716 827 858 899 neridioo
896 829 981 897 solct
1010 826 1088 896 dici:
1120 829 1294 898 Veloces
1329 831 1455 916 pedes

308 950 444 1003 eornm
476 932 523 1000 ed
554 933 846 1008 effundendum
879 936 1130 1021 sangninem,
1160 956 1220 1004 nou
1251 938 1360 1022 potius
1390 936 1456 1003 iete

305 1042 339 1108 in
361 1042 460 1108 tontis
480 1041 656 1108 letrociniie
680 1040 978 1111 fflrcnmcclionum
1002 1042 1252 1128 clericorumque
1273 1048 1455 1111 nostrornm
1483 1066 1499 1107 r

307 1148 427 1232 omenti
463 1167 586 1224 snmus,
628 1148 683 1229 qni
719 1148 905 1233 corporibus
941 1150 1090 1218 humanis
1126 1151 1221 1217 ccede
1256 1151 1456 1217 moduine

307 1255 436 1321 leniatis
471 1258 523 1321 tot
556 1256 629 1320 loce
663 1259 844 1322 nostrornm
882 1257 1036 1342 sunguine
1071 1259 1285 1336 cruentarunt,
1321 1275 1455 1341 quorum

308 1362 417 1441 duces,
440 1360 565 1446 qnando
588 1365 621 1426 te
644 1361 871 1447 ingredientem
894 1363 927 1428 in
950 1363 1010 1429 hec
1032 1363 1137 1448 petrin
1157 1382 1231 1430 cnm
1254 1363 1323 1430 onis
1345 1364 1455 1430 cuneis

308 1466 514 1547 deduxerunt,
538 1468 598 1535 deo
620 1466 732 1533 lendes
752 1468 839 1535 inter
857 1470 979 1536 cantico
1001 1469 1234 1537 conclennuntee
1256 1488 1337 1553 quus
1358 1489 1455 1537 noces

307 1574 400 1644 uelut
416 1575 513 1640 tubes
535 1574 726 1657 proeliorum
748 1575 781 1640 iu
806 1574 875 1641 suis
895 1576 1042 1641 omnibus
1064 1576 1240 1643 lotrociniie
1261 1576 1455 1643 iuuerunt!
1472 1599 1500 1640 n·

309 1681 372 1748 ulio
394 1686 502 1748 tumen
520 1679 571 1745 die
590 1680 739 1750 concoeni
756 1699 794 1746 uc
812 1681 969 1747 stimulati
988 1681 1108 1747 eculeis
1127 1682 1297 1748 uerborum
1315 1690 1455 1760 tuorum,

309 1806 391 1871 once
422 1789 455 1852 in
486 1806 541 1856 eos
578 1806 635 1872 per
665 1786 824 1855 Pnnionnn
856 1788 1059 1872 interpretem
1090 1789 1225 1855 honeste
1255 1792 1291 1856 ct
1319 1790 1457 1874 ingenue

308 1893 470 1960 libertetie
487 1892 705 1978 indignatione
723 1894 883 1960 iaculatus
898 1894 1040 1962 coiectis
1054 1913 1164 1960 eornm
1181 1895 1330 1961 inntetne
1348 1894 1456 1978 potins

309 2017 404 2083 quern
433 1997 610 2066 delectatne
638 1997 811 2082 obsequiis,
839 2019 874 2065 ee
899 1998 937 2065 de
963 1999 1069 2065 medin
1090 2001 1344 2086 congregatione,
1372 2001 1493 2067 ciunt-

308 2107 431 2185 eheie,
459 2106 516 2188 qui
542 2104 680 2183 oderant,
709 2105 909 2172 narrantibus
937 2106 1046 2172 endire
1072 2106 1248 2190 potuimus,
1275 2105 1455 2173 furibundis
1476 2131 1502 2171 u

309 2212 451 2278 motibus
463 2213 638 2295 rapuerunt
650 2229 709 2277 noc
722 2215 797 2294 post
806 2231 915 2277 comm
929 2212 1026 2296 pedes
1036 2213 1164 2279 uelocee
1180 2211 1220 2277 ed
1234 2211 1457 2278 effundendum

309 2317 497 2403 sangninem
532 2316 600 2381 ulla
635 2336 717 2399 equa
752 2319 936 2401 pauimenta
973 2319 1058 2384 salse
1086 2318 1229 2396 lanistis,
1263 2319 1349 2403 qnod
1383 2325 1459 2402 post

310 2430 437 2491 nostros
461 2424 568 2490 clerici
591 2423 640 2488 tui
662 2426 859 2508 putauerunt
880 2443 953 2489 csso
975 2424 1166 2490 faciendum.

257 2525 299 2589 15
355 2530 427 2610 Sed,
459 2535 495 2596 ut
528 2530 633 2596 dicere
661 2548 838 2614 coeperam,
867 2530 929 2595 hoc
956 2530 995 2596 de
1026 2531 1194 2614 scripturis
1224 2531 1457 2605 testimonium,

310 2638 395 2720 qnod
412 2639 444 2702 in
464 2656 521 2704 nos
545 2637 657 2703 soletis
676 2637 779 2722 mugio
797 2637 1004 2703 conuicinndo
1024 2657 1121 2720 quem
1142 2637 1302 2721 probando
1324 2638 1458 2703 iactare:
1477 2662 1505 2703 su

311 2742 487 2808 Veloces
514 2742 638 2826 pedee
661 2760 797 2806 eornm
821 2741 868 2807 ed
891 2741 1183 2808 effundendum
1207 2743 1458 2828 sangninem.

311 2850 407 2914 etiam
429 2852 461 2914 in
485 2849 682 2915 Folicinuum
705 2851 739 2914 et
759 2847 996 2916 Praetextutnm
1017 2848 1142 2933 impetu
1164 2848 1346 2915 uehementi
1369 2867 1458 2934 grun-

310 2956 441 3039 diloque
461 2956 517 3022 illa
543 2955 703 3021 sententie
728 2955 857 3020 concilii
883 2953 1069 3041 Bngeiensis
1096 2955 1252 3024 euomuit
1284 2973 1357 3020 nem
1385 2959 1459 3021 cuin

311 3063 350 3127 de
373 3061 573 3140 Maximiano,
599 3081 679 3145 qnae
700 3062 773 3126 uiso
795 3063 872 3128 sunt
894 3059 1036 3137 dicende,
1060 3060 1229 3126 dixissent:
1252 3060 1330 3126 ‘Nec
1349 3061 1457 3127 solnm

311 3171 418 3247 hunc’,
450 3169 609 3252 inquiunt,
637 3169 778 3235 ‘sceleris
811 3167 864 3233 sui
894 3187 980 3233 mors
1012 3169 1099 3234 insto
1126 3167 1327 3245 condemnet;
1359 3167 1459 3236 trahit
1476 3193 1505 3235 ss

312 3276 408 3341 etiarn
436 3275 476 3341 ed
503 3274 700 3341 consortium
727 3274 868 3342 criminis
899 3274 1054 3358 plurimos
1082 3276 1193 3338 cateno
1219 3273 1387 3359 sacrilegii,
1420 3272 1460 3338 de

399 3484 416 3538 8
435 3484 479 3538 Pe.
501 3482 579 3551 1³‚d
681 3484 779 3552 24-1).
799 3481 862 3550 629,
879 3484 897 3538 4
915 3483 984 3552 Aug.
1004 3485 1100 3538 centn
1117 3481 1242 3538 crescon.
1261 3483 1332 3538 Don.
1350 3480 1393 3536 111
1410 3481 1460 3545 22;

311 3571 484 3638 2535921v
503 3572 533 3635 53
555 3571 601 3637 123
622 3573 668 3637 153
688 3571 723 3627 38

347 3695 365 3749 2
381 3697 476 3749 nostre
498 3692 554 3748 Vn
623 3696 640 3748 5
659 3695 737 3747 tento
756 3691 785 3749 P
854 3694 872 3748 8
890 3691 1062 3764 ingrediente
1081 3694 1160 3752 codd.
1179 3694 1247 3749 iuni
1265 3699 1291 3749 et
1309 3692 1376 3748 add.
1395 3708 1461 3749 cou-

309 3785 417 3838 iecturc
434 3782 634 3850 ingredientem
652 3798 668 3836 r
783 3782 813 3836 in
831 3781 902 3837 hunc
919 3784 1037 3852 putriun
1054 3799 1081 3838 n
1189 3783 1206 3837 9
1225 3783 1305 3852 queri
1327 3781 1384 3836 ΥΠ
1398 3783 1460 3837 edd.

313 3873 346 3927 10
365 3871 432 3926 tube
455 3869 576 3926 vueod.
596 3870 674 3937 (add.
693 3870 1059 3940 incommutatum)
1133 3870 1249 3927 oberunt
1265 3870 1294 3925 P
1361 3872 1395 3927 14
1412 3871 1461 3927 ced

312 3960 419 4015 ennodii
436 3959 464 4013 P
535 3960 567 4013 li
587 3959 740 4014 eduenietis
763 3959 821 4015 ΥΠ
835 3959 896 4014 cdd.
965 3960 999 4015 12
1017 3959 1194 4031 descriptoris
1215 3958 1241 4015 U
1305 3960 1342 4014 22
1359 3960 1390 4015 in
1408 3977 1460 4018 ouo.

312 4047 392 4105 codd.
412 4048 469 4104 lrr
529 4049 565 4104 23
584 4050 739 4119 nngsieneie
762 4046 819 4103 VU
836 4048 904 4103 ism
922 4050 1050 4119 nugeneis
1068 4048 1097 4103 P
1111 4049 1282 4119 Vngicnuier
1344 4050 1380 4103 24
1398 4055 1463 4109 sunt

313 4143 395 4202 (corr.
414 4135 473 4190 uid.
493 4139 543 4204 est,
561 4136 611 4191 ced
628 4137 878 4204 contranitentem)
896 4136 923 4191 P
994 4138 1028 4193 26
1047 4136 1141 4208 etiem]
1160 4140 1191 4193 et
1212 4137 1238 4191 V
1253 4136 1316 4193 edri
1397 4143 1463 4208 port

313 4226 450 4295 sacrilegii
472 4226 597 4296 nouiter
622 4240 722 4296 eosque
746 4242 806 4280 cnrn
828 4226 990 4280 murimieno
1013 4225 1097 4280 simili
1119 4227 1267 4282 seueritute
1291 4226 1463 4297 dnrnpnunit

312 4313 539 4384 fflmmU
