3309 4867
303 353 368 417 572
658 350 686 405 S.
715 350 852 404 Aureli
880 348 1099 419 Augustini
1205 321 1210 332 ⁸

259 542 302 607 32
348 544 412 613 Sed
438 543 557 610 babere
580 564 615 611 re
642 562 729 623 uere,
758 543 843 628 quod
865 561 928 612 uon
951 544 1079 610 credant
1105 542 1138 609 in
1161 542 1271 609 baino
1298 543 1457 609 miraculo

303 669 454 736 uaporem
477 651 611 730 uentus,
639 668 701 735 quo
725 650 789 716 cibi
811 648 1011 728 ruadmunt,
1038 647 1183 733 petuisse
1204 648 1252 714 ite
1272 650 1456 732 temperari,

303 743 341 824 ut
357 758 459 823 uitam
477 756 615 823 bominis
635 758 848 824 conserueret
871 758 990 840 quanto
1008 754 1226 822 incredibilius
1245 773 1320 841 ergo
1338 775 1457 839 propo·

304 866 413 931 nerent
444 867 509 930 tres
541 863 616 930 illos
647 863 736 956 uiros
767 863 807 929 ab
839 862 939 948 impio
971 880 1045 946 rege
1075 862 1109 927 in
1141 862 1302 928 caminum
1335 862 1455 928 missos

303 969 525 1038 deambulasse
552 969 585 1037 in
608 969 713 1037 medio
734 969 820 1055 ignis
843 969 996 1035 inlaesos!
1024 972 1216 1052 quapropter
1237 968 1265 1035 ei
1287 969 1376 1036 nulle
1397 968 1456 1034 isti
1487 993 1502 1032 s

303 1076 411 1142 lisine
441 1076 601 1142 miracula·
626 1075 741 1143 uolunt
772 1076 910 1156 credere,
947 1074 1010 1142 elia
1041 1076 1257 1161 disputatione
1288 1075 1456 1143 refellendi

304 1186 387 1249 sunt.
417 1201 521 1265 neque
549 1182 633 1248 enim
661 1183 778 1250 debent
803 1202 902 1249 uuum
930 1181 1052 1266 aliquid
1077 1184 1241 1266 tamquam
1267 1181 1456 1248 incredibile

302 1308 475 1374 proponere
508 1293 542 1354 et
576 1290 608 1354 in
640 1290 860 1374 quaestionem
888 1308 1008 1356 *uocare
1045 1288 1101 1355 eesl
1133 1288 1249 1368 omnia,
1285 1306 1367 1373 quae
1399 1290 1468 1354 uel'

303 1396 381 1461 talie
407 1396 460 1461 uel
483 1396 579 1462 etiem
607 1395 801 1463 mirabiliore
824 1399 1000 1462 nouantur.
1030 1399 1064 1462 et
1084 1400 1191 1463 temen
1214 1397 1243 1463 si
1265 1396 1337 1473 boe,
1366 1394 1455 1480 quod

303 1503 342 1568 de
369 1503 447 1568 Ione
474 1501 628 1585 scriptum
657 1507 717 1580 est,
749 1502 907 1587 Apuleius
935 1502 1157 1572 Madaurensis
1184 1503 1238 1570 uel
1263 1501 1455 1587 Apollonios
1475 1525 1501 1565 ιο

303 1609 448 1694 Tyaneus
480 1607 595 1674 iecisse
624 1608 792 1688 diceretur,
824 1627 964 1692 quorum
996 1610 1100 1675 multe
1133 1608 1215 1676 mire
1245 1609 1334 1676 nullo
1363 1606 1456 1673 fideli

303 1718 431 1782 aucwre
459 1713 616 1793 iactitat,
646 1715 793 1798 quemuis
823 1719 856 1781 et
879 1715 1051 1783 immores
1077 1715 1225 1782 nonnulla
1254 1714 1376 1782 facient
1400 1732 1454 1780 an-

219 1897 226 1908 ,
304 1819 394 1906 getis
417 1820 538 1888 sanctie
567 1819 686 1886 similia
712 1838 774 1887 nou
803 1822 940 1888 ueritete
968 1821 1026 1889 sed
1054 1822 1172 1905 specie,
1203 1841 1265 1888 nou
1296 1819 1455 1903 sapientie

161 1955 169 1974 =
302 1926 360 1994 seo
384 1926 478 2012 plene
505 1925 642 2003 fallacie,
670 1933 788 2005 tamen
823 1926 852 1993 si
879 1927 918 1993 (le
946 1928 1031 2007 istis,
1059 1930 1097 1994 ut
1123 1926 1198 2007 elixi,
1230 1945 1312 2012 quos
1338 1943 1452 2015 magos

302 2032 355 2101 uel
370 2031 586 2118 philosophos
609 2031 811 2099 laudabiliter
833 2032 1006 2111 nominent.
1029 2033 1094 2099 tale
1117 2033 1239 2118 aliquid
1261 2034 1450 2109 emetur,
1473 2055 1501 2098 rs
1628 2017 1629 2046 ¹

302 2158 364 2207 non
399 2138 464 2205 iam
499 2131 544 2205 in¹
563 2139 675 2205 buccis
703 2146 847 2223 creparet
876 2141 962 2207 risus
994 2139 1052 2206 ssu
1082 2140 1215 2225 typhus.
1249 2140 1297 2207 ite
1326 2137 1453 2205 rideeut
1629 2115 1630 2144 ¹

304 2245 477 2328 scripturae
487 2248 631 2324 nostran
651 2249 805 2329 quentuur
819 2249 967 2331 possunt,
985 2245 1118 2324 noent,
1135 2245 1214 2312 (lum
1230 2264 1288 2329 per
1304 2245 1451 2330 singulos

303 2351 372 2417 dies
385 2350 518 2416 seriem
530 2352 761 2437 paucioresque
775 2371 812 2419 se
824 2351 957 2419 uideant
972 2351 1028 2419 uel
1040 2352 1202 2420 moriendo
1216 2352 1270 2419 uel
1279 2350 1450 2429 credendo,

302 2458 380 2524 (lure
415 2455 592 2540 implentur
624 2459 739 2537 omnis,
777 2477 859 2542 quae
889 2458 1121 2543 praedixerunt,
1157 2458 1230 2542 qui·
1250 2459 1310 2526 bos
1342 2464 1451 2524 contre

304 2564 471 2631 uenalem
489 2563 625 2631 inaniter
640 2568 850 2651 pugnaturos,
870 2584 951 2631 uene
970 2567 1151 2645 latraturos,
1170 2565 1323 2651 paulatim
1348 2564 1446 2631 deiec-
1470 2582 1501 2624 so

303 2674 393 2737 turos
416 2672 505 2737 tento
525 2674 598 2736 ente
620 2671 760 2737 riserunt
775 2671 932 2754 nobisque
954 2671 1091 2754 posteris
1115 2672 1183 2737 suis
1206 2691 1268 2739 uon
1290 2670 1395 2738 solem
1415 2689 1451 2737 ea

302 2775 437 2863 legende
458 2775 657 2855 dimiserunt,
680 2779 794 2843 nerum
817 2777 1005 2862 experiende
1026 2778 1251 2862 promiserunt.
1280 2769 1282 2772 ’
1385 2799 1387 2805 ⁴

259 2880 302 2945 33
346 2882 419 2948 Non
450 2900 525 2948 saue
558 2881 694 2948 ebsurde
725 2902 828 2967 neque
860 2884 1040 2967 importune
1071 2883 1253 2967 requiritur,
1285 2882 1451 2968 quidiste

304 2986 492 3074 significent,
518 2992 566 3069 nt,
593 3007 668 3054 cum
694 2988 756 3055 lrec
778 2990 957 3074 expositum
985 2989 1091 3068 fuerit
1119 3009 1182 3056 non
1209 2992 1335 3056 tentum
1360 2992 1450 3076 gesta

392 3229 498 3286 ADau.
517 3229 543 3298 3,
561 3228 610 3295 21;
629 3230 665 3285 24

341 3352 523 3408 leredebeut
541 3356 568 3408 A
621 3353 811 3410 tmsdeiuiut
831 3353 958 3423 (ectio
1018 3355 1059 3411 ite
1076 3356 1198 3426 potuisse
1216 3355 1247 3411 E
1311 3354 1449 3425 temptari,

304 3433 368 3497 Μ
390 3441 523 3510 tempssri
545 3441 574 3496 P
595 3443 735 3520 temptari,
757 3447 825 3498 eost
844 3443 991 3515 temperari
1013 3442 1039 3500 G
1127 3446 1145 3499 4
1168 3444 1275 3508 missus,
1299 3459 1369 3499 corr.
1392 3447 1450 3498 eal

303 3530 400 3585 missos
414 3530 447 3584 u
497 3530 686 3601 'leliquodA
735 3532 1297 3605 epsoponare,ne.1eorr.prcpinnss
1348 3532 1450 3588 lorus·

304 3617 444 3673 descensis
462 3618 490 3670 A
507 3617 712 3674 mandeoreueia
732 3619 757 3674 0
810 3621 841 3677 ll
862 3624 978 3690 tysneus
998 3626 1091 3689 (seper
1107 3636 1126 3691 5
1142 3625 1203 3676 m
1221 3620 1288 3676 sca.
1307 3620 1381 3690 Μ
1394 3625 1450 3675 tre·

303 3705 416 3761 neusO
484 3706 553 3760 mira
570 3707 658 3763 inulta
674 3707 705 3763 Ε
774 3710 840 3763 nulo
858 3706 934 3765 incili
952 3711 980 3763 A
997 3709 1074 3764 nullo
1093 3708 1156 3764 rosi
1173 3708 1233 3764 PE
1299 3710 1332 3765 12
1350 3709 1452 3764 sanetis

304 3793 408 3864 engolis
422 3795 453 3850 Ε
507 3795 540 3850 le
559 3796 660 3850 sanetis
674 3812 726 3854 ose.
744 3796 770 3852 θ
788 3798 886 3863 sancti,
903 3800 970 3854 m
986 3797 1129 3852 mutiet*
1183 3801 1216 3853 lt
1235 3796 1362 3869 pleneH
1371 3797 1452 3869 plens

303 3881 395 3940 MAG
458 3883 482 3936 si
501 3882 545 3953 de]
565 3883 659 3939 sedA
715 3887 749 3940 15
766 3886 833 3952 tole,
852 3885 1047 3943 ee.2taleM
1101 3886 1134 3941 16
1152 3889 1272 3942 resusA
1333 3884 1452 3956 tbypbus

304 3971 432 4040 (utreque
449 3970 467 4025 h
487 3975 559 4040 exp.)
578 3972 607 4025 P
624 3975 706 4043 typus
724 3971 807 4029 AGE
898 3974 930 4029 li
949 3976 1057 4044 possint
1074 3973 1105 4028 E
1190 3976 1223 4029 19
1240 3972 1454 4045 impleturam

305 4060 382 4122 (m
398 4056 557 4127 implentur)
640 4060 843 4131 qui-riserunt
860 4077 911 4116 om.
931 4063 959 4115 A
1050 4061 1085 4116 20
1103 4067 1272 4132 pugnaturos
1291 4061 1408 4117 inaniter
1424 4063 1463 4117 E‘

339 4149 517 4216 pugnaturus.
537 4150 603 4202 ee2
621 4149 833 4218 pugnstnrosG
923 4149 1087 4205 lucereturos
1106 4149 1137 4205 lt'
1223 4151 1255 4206 21
1276 4154 1363 4216 tante,
1382 4167 1451 4206 corr.

304 4232 508 4300 (es.1?)tunto
526 4235 564 4290 Μ
633 4237 736 4291 suteris
759 4241 846 4300 erunt
865 4241 932 4294 Μ
950 4243 1013 4293 aute
1032 4238 1197 4294 riseruntG
1251 4239 1286 4294 23
1304 4240 1352 4294 isti
1371 4243 1398 4294 A
