3309 4867
302 426 369 490 420
590 464 595 477 .
680 418 708 474 8.
736 418 874 474 Aureli
903 418 1122 504 lugustini
1174 468 1210 503 q,

303 618 382 704 quid
405 619 518 696 dicam,
542 635 678 700 quorum
701 619 765 681 tam
790 615 968 699 perniciose
984 615 1178 700 peruersitas
1197 614 1249 679 uel
1268 614 1457 680 damnorum

303 731 421 792 terrore
444 725 629 791 cohercetur
652 722 705 789 uel
728 721 863 790 docetur
884 722 988 800 exilio,
1012 741 1108 807 quam
1131 721 1249 806 ubique
1272 721 1389 787 diffusa
1412 720 1459 786 sit

303 831 450 907 ecclesia,
482 830 568 897 sicut
594 832 703 896 lutura
728 827 892 914 praedicta
918 832 979 905 est,
1007 845 1103 913 quem
1125 828 1250 895 malunt
1273 814 1457 913 oppugnaie

303 956 400 1022 quam
423 922 614 1024 a'guoseere?
639 939 672 1001 et
694 935 723 1001 si
746 954 793 1013 ea,
817 954 899 1017 quae
922 955 977 1019 per
999 934 1333 1022 misericordissimam
1360 932 1454 999 disei·

303 1043 423 1129 piinam
445 1042 621 1129 patiuntur,
644 1044 868 1126 comparentur
890 1041 937 1107 eis
960 1041 1065 1119 factis,
1090 1059 1171 1125 quea
1192 1041 1313 1106 furiosa
1330 1038 1456 1105 tenneri-
1491 1061 1508 1102 s

303 1153 370 1215 tate
401 1149 616 1229 committunt
649 1148 720 1231 quis
751 1166 813 1214 non
850 1147 979 1227 uideat*
1003 1147 1060 1230 qui
1095 1146 1199 1231 magis
1235 1147 1488 1231 persecutores
1537 1157 1540 1163 ·

239 1262 243 1273 “
304 1255 440 1323 uocandi
456 1258 567 1321 *eunti
602 1273 795 1339 quamquam
826 1253 886 1320 filii
917 1254 995 1320 meli
1021 1272 1058 1319 eo
1088 1255 1223 1331 tautum,
1247 1271 1309 1336 qno
1333 1250 1457 1336 perdite

304 1363 431 1439 uiuunt,
464 1362 560 1429 etism
594 1362 622 1428 ei
653 1361 758 1428 nullas
789 1360 946 1427 uiolenter
971 1361 1110 1426 inierant
1135 1379 1260 1449 manns,
1287 1361 1457 1443 parentum

247 1536 252 1569 Ι
303 1470 456 1552 pietatem
487 1467 618 1552 grauius
651 1469 894 1550 persequuntur,
927 1485 1022 1551 quam
1055 1485 1128 1533 cum
1164 1467 1238 1532 illos
1275 1470 1365 1551 pater
1398 1469 1457 1529 aut

304 1577 417 1655 mater,
453 1578 572 1658 quento
609 1572 746 1657 amplius
784 1572 933 1658 diligunt,
969 1577 1058 1641 tento
1095 1573 1235 1656 amplius
1267 1572 1308 1638 nd
1339 1571 1454 1638 bonam
1478 1597 1507 1636 ιο

304 1679 406 1745 uitem
428 1678 588 1759 sine'uila
610 1677 866 1743 dissimulatione
890 1679 1096 1762 compellunt.
1579 1660 1583 1687 ¹

260 1782 280 1844 :3
347 1786 464 1852 Entnnt
493 1785 696 1869 publicorum
727 1789 1005 1855 monumentorum
1038 1784 1222 1851 firmissima
1252 1784 1455 1860 documenta,

261 1978 265 1985 ι
305 1912 386 1976 quae
408 1897 499 1976 potes
521 1892 638 1977 legere,
663 1893 692 1957 si
714 1892 866 1970 nolueris,
889 1892 986 1958 immo
1010 1896 1084 1977 peto
1109 1894 1142 1958 et
1164 1892 1282 1970 hortor,
1300 1892 1339 1956 ut
1354 1890 1455 1974 legas,

305 1999 420 2083 quibus
442 1997 604 2084 probatur,
628 1998 713 2081 quod
735 1997 873 2064 maiores
896 2017 1016 2077 eorum,
1041 1999 1097 2082 qui
1119 1998 1211 2081 primi
1235 2017 1271 2065 se
1294 1997 1341 2091 ab..
1356 1996 1456 2062 eccle-

304 2106 371 2172 siae
401 2124 478 2189 pace
511 2105 702 2180 diuiserunt,
729 2106 814 2172 ultro
842 2125 900 2189 per
919 2105 1096 2172 Anulinum
1124 2110 1208 2170 tuno»
1232 2104 1460 2190 proconsulem
1478 2129 1507 2167 rs
1547 2102 1551 2105 ’

305 2212 390 2296 apud
406 2211 658 2278 'Constantinum
679 2212 903 2295 imperatorem
931 2231 1080 2278 accusare
1108 2213 1178 2277 ausi
1205 2215 1282 2277 sunt
1305 2208 1455 2292 Caecilia

304 2339 393 2384 num.
416 2319 447 2384 in
471 2337 533 2401 quo
558 2317 669 2401 utique
691 2317 810 2385 indicio
835 2319 863 2384 si
886 2318 1050 2397 uicissent.
1075 2319 1152 2402 qnid
1170 2321 1238 2384 erat
1255 2316 1454 2384 Caecilianus

304 2427 343 2494 ab
385 2424 574 2508 imperatore
615 2441 779 2507 passurus,
812 2424 875 2489 uisi
907 2423 993 2507 quod
1037 2423 1069 2489 in
1115 2425 1207 2495 istos,
1235 2426 1454 2507 ,posteaquam

305 2532 385 2596 uicti
421 2535 506 2607 suut,
541 2530 781 2612 pronuntiauit?
819 2531 875 2596 sed
907 2530 1059 2597 uidelicet
1091 2530 1119 2595 si
1151 2531 1197 2596 cis
1229 2527 1454 2597 accusantibus

305 2646 401 2719 atque
434 2635 659 2717 superantibus
691 2635 889 2704 cesonianus
921 2637 1055 2721 eiusque
1087 2637 1229 2722 collegae
1260 2636 1455 2721 pellerentur
1474 2661 1508 2701 ao
1607 2705 1611 2711 ,

306 2742 447 2819 sedibus,
471 2760 549 2824 quas
573 2744 732 2820 tenebant,
758 2744 809 2807 uel
834 2746 931 2809 etiam
952 2744 984 2808 in
1008 2763 1067 2809 sua
1091 2744 1322 2828 conspiratione
1341 2742 1454 2807 duran-

255 2844 260 2859 ’
305 2856 354 2913 tes
379 2849 508 2935 manius
532 2849 717 2931 punirentur
743 2886 780 2896 ·-
807 2851 1015 2932 nequeenim
1038 2850 1164 2935 poterat
1186 2851 1290 2916 uictos
1318 2852 1351 2914 et
1376 2849 1467 2913 reei·'

306 2958 426 3021 etentes
458 2956 545 3039 regia
578 2974 710 3020 censura
741 2960 942 3021 contemnere
969 2993 1024 3032 -,
1052 2960 1128 3023 tunc
1152 2957 1206 3022 isti
1238 2957 1455 3041 prouisionem

250 3046 255 3053 ’
304 3080 398 3127 suam
422 3066 455 3127 et
477 3082 531 3146 pro
557 3046 697 3127 ecclesia
715 3062 888 3129 sollicitam
912 3080 1027 3135 curam
1042 3062 1282 3146 praedicandum
1305 3062 1455 3129 laudibus

304 3167 504 3233 uentilarent.
528 3187 612 3234 nunc
634 3172 741 3234 antem
765 3170 840 3252 quia
862 3170 925 3252 ipsi
949 3169 1091 3252 superati
1113 3174 1197 3248 sunt,
1221 3171 1276 3253 qui
1300 3189 1347 3247 es,
1371 3187 1453 3252 quae
1472 3190 1504 3231 ae

305 3270 518 3353 intendebant,
556 3275 688 3359 probare
723 3275 856 3340 minime
890 3279 1074 3360 potnerunt,
1112 3274 1140 3339 si
1181 3276 1257 3359 qnid
1296 3295 1354 3361 pro
1394 3294 1455 3355 sua

303 3381 472 3464 iniquitate
495 3380 670 3465 patiuntur,
693 3381 946 3464 persecutionem
971 3386 1101 3457 uocant:
1135 3400 1193 3448 nec
1220 3386 1345 3448 tantum
1369 3382 1453 3447 iuro·

395 3641 555 3709 3h28

341 3784 548 3841 aconcrceseur
560 3783 588 3839 R
637 3785 714 3838 deas
729 3788 753 3848 (s
768 3783 819 3838 olel.
834 3802 869 3837 m.
879 3789 908 3850 2)
923 3786 952 3839 Ρ
998 3790 1015 3842 5
1030 3788 1232 3856 compatrentur
1244 3790 1302 3854 (pr.
1317 3790 1329 3838 t
1342 3786 1413 3852 cap.)
1428 3783 1457 3837 P

306 3873 392 3930 711111
410 3889 462 3926 osu.
480 3874 505 3926 Δ
579 3876 688 3927 tanturn
706 3888 823 3937 carna,
836 3874 927 3941 seems
944 3873 1003 3929 aid.
1022 3877 1128 3929 tentem
1149 3874 1177 3927 F
1246 3875 1311 3945 qno}
1332 3872 1460 3944 quodes

304 3963 322 4016 8
345 3960 428 4019 nullis
451 3960 479 4016 A
578 3961 608 4015 ll
634 3958 853 4016 dissimulatione
879 3969 905 4028 (e
928 3978 1010 4033 super
1032 3981 1090 4018 ros.
1113 3965 1300 4031 mopsistiae
1321 3962 1394 4028 ael)
1419 3962 1457 4017 M

308 4054 340 4103 15
360 4050 506 4113 anulinum,
527 4054 590 4103 m.2
609 4050 794 4104 anelinumP
811 4050 950 4106 anelinum
971 4052 997 4105 11
1063 4054 1095 4106 16
1115 4057 1271 4107 accusatore
1289 4053 1330 4122 (tc
1350 4035 1455 4121 copel

305 4143 369 4193 002
388 4139 451 4197 deti
469 4140 496 4192 P
534 4140 570 4194 ⁴20
589 4138 694 4207 collega
713 4138 915 4209 depellerentur
932 4140 969 4195 Μ
986 4140 1084 4211 collige
1103 4141 1270 4211 pellerentur
1287 4143 1314 4195 A
1355 4142 1454 4210 22po·

305 4227 417 4285 teritP
434 4233 561 4296 poterent
579 4229 607 4283 R
696 4229 784 4283 uictor
802 4228 830 4282 P
919 4234 948 4283 et
965 4236 1107 4305 exp..m.2
1125 4230 1153 4283 P
1213 4232 1249 4285 24
1267 4229 1455 4285 comesses

300 4317 1141 4389 mmmmmmmMffifflmfflffl.
1423 4330 1426 4335 ’
