3309 4867
551 394 816 464 epistularum
839 393 934 449 LXXV
964 394 1080 471 LXXVI:
1269 419 1288 450 o
1318 398 1385 463 325

243 587 281 647 et
306 583 451 649 semini
480 585 578 662 eius
604 603 687 650 ‘nou
716 583 821 648 dicit
844 585 893 650 ‘'et
917 585 1158 676 seminibus'
1181 593 1383 669 tamquam

239 689 278 753 iu
314 690 467 767 multis,
505 692 574 756 sed
612 693 815 774 tamquam
854 691 891 755 io
926 710 1001 757 uuo
1034 694 1084 757 ‘et
1115 684 1261 760 semini
1293 697 1385 759 tuo'.

240 785 342 879 quod
380 801 442 862 est
470 797 672 865 Christus.
709 798 746 862 iu
778 799 941 876 semiue,
973 799 1088 882 iuquit,
1120 805 1190 865 tuo
1223 798 1384 865 benedi-

239 907 380 969 centur
402 924 537 974 omues
561 907 715 990 gentes,
739 906 852 990 erigite
876 906 986 972 oeulos
1010 907 1123 972 oordis'
1138 910 1171 972 et
1189 906 1385 975 considerate

204 1013 342 1078 eiotum
366 1011 474 1077 orbem
496 1001 662 1107 terrarum,
686 1032 749 1096 quo
772 1014 866 1079 modo
890 1013 922 1078 iu
946 1014 1066 1079 semiue
1088 1013 1233 1080 Abrahae
1259 1012 1384 1078 benedi·

239 1120 354 1183 cuntur
381 1137 489 1184 omues
513 1123 635 1204 gentes.
666 1123 741 1184 tuno
765 1118 804 1183 ab
829 1139 891 1185 uuo
917 1119 1112 1198 credebatur,
1137 1119 1222 1204 quod
1245 1118 1384 1185 noudum

238 1224 420 1300 atrebatum
444 1245 503 1290 uos
527 1226 588 1290 iam
613 1225 732 1291 uidetis
756 1229 789 1290 et-
811 1225 915 1292 adhuo
938 1207 1097 1292 iuuiiletie.
1130 1227 1236 1311 passio
1264 1225 1383 1291 domiui

238 1331 374 1412 pretium
401 1334 453 1395 est
480 1332 565 1398 orbis
588 1337 754 1408 terrarum,
776 1331 832 1397 ille
855 1336 959 1397 totum
984 1333 1091 1399 orbem
1114 1320 1249 1398 redemit
1270 1336 1303 1397 et
1325 1349 1384 1395 uos

239 1454 311 1501 oum
332 1439 401 1502 toto
425 1437 501 1503 orbe
524 1437 564 1502 ad
587 1438 711 1503 luorum
731 1441 876 1503 uestrum
894 1458 956 1504 uou
974 1437 1258 1517 oouoordatis‚eed
1277 1437 1385 1521 potius

191 1570 220 1608 ro
237 1542 271 1606 iu
301 1542 450 1607 damnum
483 1547 627 1608 uestrum
659 1544 691 1608 iu
722 1547 812 1626 parte
843 1544 991 1629 litigatis,
1023 1549 1059 1610 ut
1092 1532 1197 1610 totum
1233 1542 1384 1626 perdutis.

239 1647 344 1714 audite
377 1649 407 1713 io
440 1650 575 1732 psalmo,
604 1670 666 1733 quo
696 1652 796 1734 pretio
824 1651 981 1734 redempti
1009 1669 1136 1717 sumus:
1169 1643 1384 1725 Foderunt,

238 1755 351 1837 iuquit,
373 1774 512 1820 marrus
535 1775 641 1821 mess
661 1759 700 1820 et
717 1756 850 1839 pedes,
870 1757 1233 1822 dinumeraueruut
1252 1755 1384 1821 omnia

239 1879 331 1926 ossa
353 1880 454 1935 mea:
486 1861 567 1944 ipsi
594 1879 687 1926 uero
712 1862 1085 1928 consideraueruut
1108 1864 1147 1926 et
1171 1878 1386 1942 eouspere·

238 1971 330 2031 ruut
353 1987 421 2044 me,
445 1967 683 2056 diuiserunt
706 1968 787 2033 sibi
811 1968 1064 2033 uestimenta
1085 1984 1170 2033 mee
1193 1970 1233 2031 et
1260 1979 1385 2050 super

191 2102 219 2141 ss
238 2074 529 2138 uestimentum
552 2094 676 2139 meum
700 2075 901 2142 miseruut
925 2078 1087 2140 sortem.
1113 2092 1208 2159 quere
1228 2072 1384 2138 diuisores

238 2180 499 2248 uestimentorum
524 2180 642 2246 domiui
671 2200 743 2246 esse
770 2182 871 2246 uultis
900 2186 933 2246 et
959 2181 1100 2246 tunicam
1127 2179 1216 2244 illam
1243 2179 1385 2244 caritatis

237 2287 372 2368 desuper
394 2288 523 2365 tertam,
548 2308 650 2371 quam·
665 2308 724 2358 noo
746 2291 966 2371 persecutores
986 2288 1056 2354 eius‘
1073 2286 1260 2366 diuiserunt,
1278 2289 1385 2351 tenere

238 2412 310 2457 oum
333 2397 401 2458 toto
426 2395 500 2459 orbe
524 2413 584 2478 nou
608 2395 728 2460 uultis?
752 2395 784 2459 iu
806 2394 929 2478 psalmo
952 2394 1023 2476 ipso
1046 2394 1164 2478 legitur
1199 2392 1274 2475 quia
1295 2396 1384 2458 totus

239 2497 323 2564 orbis
347 2518 416 2564 eam
439 2503 540 2566 tenet:
565 2498 1004 2580 Commemorabuutur',
1027 2500 1149 2582 iuquit„
1165 2502 1204 2563 et
1227 2517 1383 2580 oouuer·

189 2608 379 2672 serentur
402 2606 446 2670 ad
470 2607 674 2673 domiuum
697 2607 884 2672 uniuersi
908 2603 1384 2672 finesterraeotaiora-

238 2709 337 2776 bunt
359 2712 397 2777 is
422 2716 647 2797 conspeetu
667 2714 756 2778 eius
775 2714 994 2779 uniuersae
1011 2713 1173 2797 patriae
1192 2711 1382 2797 gentium.

239 2817 424 2899 quoniam
458 2819 593 2903 ipsius
626 2824 690 2886 est
721 2817 887 2905 reguum
920 2826 959 2908 et
989 2820 1078 2904 ipse
1107 2816 1384 2885 dominabitur

238 2925 431 3009 gentium.
464 2927 583 3009 aperite
610 2945 702 2991 aures
726 2927 837 2996 ,cordis
865 2929 899 2991 et
926 2925 1043 3004 audite,
1067 2926 1147 3008 ¹quia
1175 2924 1270 2989 deus
1299 2924 1384 2991 deo·

237 3049 322 3095 rum
348 3030 533 3097 domiuus
556 3032 725 3098 loeutus
744 3035 865 3097 estet
882 3031 1051 3097 uocauit
1069 3035 1218 3096 terram
1237 3049 1256 3093 a
1274 3029 1381 3095 solis

189 3165 219 3204 se
239 3139 328 3201 ortu
357 3156 485 3220 usque
514 3137 793 3213 adorearum
826 3157 868 3203 er
897 3137 992 3204 Sion
1026 3136 1188 3220 speeies
1223 3134 1384 3200 decoris

325 3329 491 3431 seeum,
511 3364 545 3420 rs
601 3366 632 3421 ιι
651 3365 697 3419 re.
716 3366 759 3426 ει,
780 3319 885 3420 rr-io
942 3365 974 3418 ro
994 3361 1227 3429 euersae-ao
1281 3360 1380 3415 aare.

235 3452 281 3518 so,
297 3453 371 3507 .1-e
1016 3460 1018 3464 η
1235 3469 1239 3480 ·

272 3574 337 3629 tiu
354 3574 448 3630 moltis
467 3577 567 3631 aare
631 3593 659 3630 ur
679 3593 733 3631 uno
752 3576 846 3631 ouer
896 3573 1194 3646 ieoriis1meutisli
1247 3573 1383 3641 eretum!

237 3656 389 3719 uniuersum
408 3664 437 3720 R
508 3666 647 3720 insemen
665 3667 692 3720 A
777 3660 1389 3734 (licuntur,oorr.(ue.1?)wb,euedierutor1’

238 3753 325 3807 iiam
344 3770 393 3808 uos
411 3753 473 3808 edd.
534 3749 645 3825 tio'rbe]
664 3754 728 3808 orbe
747 3759 879 3809 terrarum
896 3754 925 3810 Β
987 3755 1021 3808 10
1031 3754 1130 3827 ligatis
1149 3750 1180 3805 F
1234 3753 1279 3804 sut
1296 3752 1384 3802 totum

236 3840 357 3911 perdatis
376 3842 425 3906 bie,
445 3843 561 3897 altem»
579 3843 631 3901 dei.
651 3847 718 3900 mi
734 3844 763 3898 P
847 3832 886 3900 11
900 3843 993 3898 audite
1012 3843 1105 3911 itaque
1123 3842 1152 3894 iu
1172 3839 1200 3894 R
1280 3837 1385 3908 psalmo

237 3943 280 3998 rps
299 3946 332 3984 α
349 3946 419 3986 eon.
438 3934 513 4000 Μ)
530 3930 568 3985 Μ
657 3933 689 3986 12
714 3931 808 4002 pedes]
831 3932 916 4002 pedes
934 3948 1008 3988 meos
1027 3931 1054 3987 R
1071 3945 1122 3984 reo.
1143 3927 1226 3997 Μ.
1244 3926 1384 3995 (Septuup.

234 4034 341 4088 quoque
358 4020 418 4075 eod.
437 4020 521 4076 Ala:
535 4020 619 4083 πόδας
637 4026 698 4092 μου)
746 4021 778 4076 15
797 4024 901 4075 uestem
920 4036 1006 4075 meam
1021 4018 1076 4075 Fu
1092 4035 1143 4073 rec.
1163 4017 1241 4085 Vuiy.
1280 4014 1312 4068 l'i
1327 4016 1385 4067 tor-

235 4110 305 4179 tam]
319 4113 450 4164 exueram
467 4109 497 4162 F
545 4111 1029 4179 perseoores,m.2porseeutoresA
1084 4108 1117 4163 18
1132 4102 1385 4168 cumom.‚m.1o?)

235 4197 304 4251 aad.
322 4197 351 4252 P
431 4199 464 4252 19
490 4202 682 4252 conuertuntur
699 4214 733 4252 ex
749 4215 805 4253 roe.
832 4197 935 4268 (seritur
953 4199 1146 4253 conuertuntur
1155 4198 1182 4262 ἓ)
1201 4193 1232 4248 F
1299 4194 1335 4246 25
1354 4208 1384 4245 ex

239 4286 318 4356 Sion]
336 4286 413 4340 eriou
433 4285 470 4340 M
488 4290 567 4354 (corr.
587 4290 647 4341 ml
666 4287 767 4355 exsiou)
785 4288 813 4344 R
831 4293 906 4348 (m.2
924 4304 955 4343 er
974 4289 1044 4355 riou)
1064 4303 1148 4358 eryou
1168 4285 1193 4339 A
1214 4281 1304 4340 erieou
1323 4280 1353 4334 F

1504 827 1515 868 i

1475 1269 1507 1363 ἲ.
