3309 4867
309 394 373 456 702
661 391 688 449 S.
717 391 855 446 Aureli
882 391 1098 462 Augustini

307 584 426 668 ubique
453 603 525 651 esea
546 600 699 669 personas
722 584 868 664 sedilia,
893 603 975 668 quae
999 604 1095 670 supra
1117 586 1222 652 caelos
1246 589 1331 653 tram
1353 586 1456 653 maria

306 691 391 761 ultra
411 691 530 758 inferos
552 710 617 757 una
634 693 730 775 atque
748 690 858 757 eadem
878 695 939 772 eat,
962 692 1130 758 mmestato
1147 693 1312 760 firmarem.
1335 710 1454 775 ex‘quo

307 796 449 882 intellegi
468 796 583 862 debere
600 796 815 863 monstrabam
834 795 1007 874 hominem,
1025 815 1121 880 qaam
1141 797 1287 865 cbristus
1305 798 1455 881 adsump-

307 901 360 978 sit,
378 902 410 968 iu
433 901 529 969 deum
551 901 680 986 quidam
702 920 833 968 uersum
851 906 1035 988 susceptam
1053 921 1115 969 non
1133 903 1280 970 amisisse
1298 907 1453 980 naturam,

306 1026 367 1075 nou
390 1012 495 1075 tamon
519 1010 611 1092 quasi
634 1011 778 1093 quartam
802 1007 888 1075 credi
910 1028 1007 1093 posse
1024 1029 1205 1094 personam.
1489 1034 1505 1075 ι

263 1117 282 1180 5
352 1113 415 1181 Sed
447 1119 494 1195 to,
531 1115 591 1193 uir,
624 1115 678 1182 cui
709 1116 844 1194 caelum,
881 1119 919 1182 ut
949 1116 1094 1193 arbitror,
1130 1117 1238 1200 ipsum
1275 1115 1455 1182 subtilitate

307 1222 536 1306 cogitationum
562 1222 680 1287 intrare
703 1239 890 1288 concessam
914 1227 966 1288 est
986 1258 1031 1270 -
1053 1242 1147 1289 uerar
1170 1223 1286 1290 etenim
1309 1227 1368 1305 est,
1395 1221 1455 1305 qui

307 1328 367 1393 aito
385 1327 505 1394 Beati
522 1329 667 1394 mundo
687 1329 816 1411 corde,
836 1331 934 1415 quia
952 1331 1036 1415 ipsi
1055 1331 1168 1397 deum
1188 1330 1454 1407 uidebunt-.

307 1450 403 1517 super
434 1434 540 1502 omnia
576 1435 680 1501 sidera
711 1435 752 1501 ad
782 1437 888 1520 ipsam
919 1437 1219 1521 contemplationem
1251 1436 1454 1503 altitudinem

307 1533 417 1606 mundi
435 1540 540 1606 cordis
559 1540 715 1607 adtollens
734 1540 782 1607 eis
802 1562 864 1608 non
882 1532 1046 1627 tamqnam
1065 1533 1321 1628 aliquod'corpus
1336 1541 1454 1607 ,debere
1473 1566 1502 1607 ιο

307 1645 440 1731 cogitari
468 1647 577 1724 deum;
606 1666 680 1713 nam
707 1648 805 1715 etiam
832 1648 861 1714 si
888 1648 1047 1734 quispiam
1075 1649 1179 1716 animo
1206 1649 1311 1715 lucem
1337 1647 1454 1725 milies,

308 1770 402 1834 qnam
421 1751 519 1820 huius
542 1753 621 1821 solis
639 1759 699 1834 est,
723 1755 887 1826 clariorem
907 1754 1309 1845 maioremqneconfingat,
1331 1754 1454 1820 nuliam

307 1856 376 1923 illic
407 1858 459 1925 dei
491 1858 735 1926 similitudinem
767 1861 991 1945 comprehendi
1017 1881 1126 1945 posse,
1154 1863 1230 1947 quia
1261 1879 1375 1945 corpus
1403 1863 1455 1925 eat

297 1983 410 2042 omne,
429 1964 515 2049 quod
533 1965 618 2032 cerni
639 1969 762 2051 poteat;
786 1966 843 2033 sed
861 1963 947 2035 siout
963 1968 1122 2046 iustitiam
1139 1955 1195 2033 uel
1216 1954 1367 2051 pietatem
1385 1982 1455 2056 cor-

306 2088 433 2153 poream
453 2072 594 2157 cogitare
611 2091 672 2137 uon
691 2091 875 2157 possumus,
898 2073 961 2141 nisi
979 2074 1061 2139 forte
1078 2073 1185 2157 aliqua
1203 2072 1294 2141 nobis
1317 2071 1454 2138 feminea
1472 2097 1499 2140 ss

307 2194 438 2261 corpora
469 2178 587 2264 gentili
614 2180 756 2246 uanitate
787 2179 956 2266 fingamus,
987 2182 1034 2248 ita
1061 2184 1094 2247 et
1120 2181 1217 2248 deum
1248 2181 1316 2247 sine
1344 2178 1454 2262 aliqua

306 2281 490 2366 phantasiae
523 2284 736 2362 simulatione,
767 2284 799 2351 iu
833 2291 988 2369 quantum
1019 2305 1204 2371 possumus,
1235 2284 1452 2374 cogitandum.

306 2389 385 2454 mibi
408 2392 525 2467 autem,
553 2391 608 2474 qui
635 2390 848 2458 subtilitatem
871 2391 1098 2477 disputationis
1121 2397 1194 2460 tuae
1216 2393 1377 2478 percipere
1397 2389 1453 2491 αξ

307 2495 436 2562 modum
460 2496 553 2563 corde
580 2497 634 2563 nir
660 2515 803 2581 possum,
832 2499 1003 2567 uidebatur
1028 2500 1109 2566 nihil
1136 2500 1249 2566 uiuum
1277 2495 1452 2564 secundnm

307 2602 519 2668 substantiam
540 2603 647 2670 inesse
667 2604 810 2670 iustitiae
832 2604 967 2690 ideoque
990 2623 1050 2672 non
1073 2625 1206 2690 possum
1225 2605 1329 2670 adhuc
1345 2603 1452 2680 ocum,
1470 2628 1501 2672 ao

305 2707 340 2773 id
369 2712 419 2773 est
454 2708 618 2775 uiuentem
654 2712 799 2775 usturam
834 2709 978 2782 iustitiae
1015 2710 1154 2782 similem
1190 2711 1340 2796 cogitare,
1377 2709 1453 2792 quia

304 2812 430 2878 iustitia
447 2831 510 2879 uon
532 2814 564 2879 in
588 2833 623 2881 eo
646 2809 759 2881 sedin
781 2815 873 2883 nobis
892 2816 986 2897 uiuit,
1009 2816 1107 2884 immo
1129 2818 1238 2902 potius
1260 2835 1318 2884 uos
1341 2835 1453 2882 secun·

306 2917 382 2983 dum
409 2918 566 2986 iustitiam
595 2920 748 3001 uiuimus,
776 2922 847 3006 ipsa
868 2941 944 2989 uero
966 2941 1023 3008 per
1045 2943 1079 2989 se
1101 2923 1228 2998 iustitia
1253 2940 1453 3005 nequaquam

394 3161 529 3236 suasu
548 3162 611 3226 ⁵,a
667 3165 763 3236 la-p.
783 3164 844 3230 ooo.
858 3166 876 3221 a
890 3189 924 3212 =
939 3182 966 3236 p.
986 3166 1048 3234 ora,
1065 3165 1200 3235 as-oao,
1218 3167 1249 3232 a;
1269 3165 1453 3233 rasio-12

342 3323 355 3377 1
375 3321 451 3377 illam
472 3322 551 3378 OPY
566 3321 628 3377 cdd.
718 3337 799 3392 super
817 3324 844 3379 P
912 3323 1165 3380 2maiestatem0
1235 3327 1373 3392 tuorum,
1389 3329 1454 3379 aar

304 3423 374 3463 con.
392 3413 500 3464 uersum
518 3408 546 3463 Β
573 3430 575 3433 ·
616 3414 772 3480 susceptum
794 3409 850 3465 ΟΥ
917 3410 1041 3465 amissisa
1059 3410 1087 3465 Β
1171 3413 1286 3483 δροεεο
1304 3427 1356 3467 on.
1374 3409 1456 3467 OPT

305 3497 366 3552 edd.
379 3504 529 3567 praetem
636 3500 653 3554 6
676 3497 764 3569 ipsum
787 3516 839 3554 om.
862 3498 886 3554 0
993 3500 1015 3554 8·
1028 3500 1156 3570 quonium
1177 3500 1279 3557 reda
1297 3510 1347 3556 rec.
1370 3498 1452 3569 Μ.

307 3584 340 3640 10
359 3582 475 3641 adtollas
493 3585 522 3640 Β
539 3586 645 3641 attollis
666 3585 746 3641 OPT
761 3585 837 3653 edric
854 3587 954 3657 scripsi
971 3581 1106 3643 comitere
1165 3587 1258 3643 deberi
1276 3587 1304 3642 Β
1350 3588 1383 3642 la
1399 3586 1453 3641 hu-

305 3660 421 3743 iuafflt!
440 3678 548 3744 (pomo
564 3673 634 3744 ror.)
647 3674 675 3729 Β
746 3672 1099 3760 soli,ar.1coor.soJisB
1171 3680 1214 3730 eat
1231 3691 1283 3732 oro.
1299 3674 1453 3731 orrens.
1490 3677 1493 3680 ’

339 3762 477 3830 maiorem,
495 3767 555 3817 sai
572 3762 638 3817 odd.
658 3778 710 3833 que
728 3761 756 3816 B
773 3762 966 3833 initioremqae
986 3763 1036 3830 (ini
1052 3764 1201 3831 incanum
1216 3764 1336 3831 sonasse
1348 3763 1384 3817 im
1400 3770 1455 3818 out

304 3851 357 3917 int)
375 3847 399 3903 0
416 3851 606 3922 mitioremque
618 3850 675 3905 PT
689 3851 917 3922 intentionemque
931 3851 988 3920 fia
1005 3852 1214 3923 interioremque
1228 3869 1244 3906 r
1261 3852 1454 3907 intensiorem·

306 3954 392 4008 quam
466 3942 500 3996 14
519 3947 584 3994 ante
602 3938 676 4009 qaod
692 3955 750 3994 raa.
769 3942 847 3993 2-3
866 3939 917 3999 titt.
935 3940 965 3994 Β
1038 3942 1071 3997 15
1089 3940 1182 4012 aliqua
1200 3939 1271 3996 forte
1292 3940 1372 3997 OPT
1386 3939 1453 3996 edd.

307 4027 340 4082 18
355 4014 387 4082 'te
410 4028 440 4093 (i.
462 4044 485 4085 c.
508 4031 584 4093 tuae)
606 4028 634 4081 Β
656 4031 748 4098 tempe
773 4026 797 4083 0
818 4023 941 4100 tempo're
963 4028 1019 4082 PT
1039 4029 1133 4100 tepido
1152 4028 1213 4085 edri
1321 4029 1354 4084 19
1373 4026 1453 4082 uide·

304 4116 386 4170 batur
409 4117 476 4170 mihi
501 4116 571 4171 nibil
595 4116 680 4171 BPT
793 4118 829 4174 23
854 4133 902 4188 per
925 4134 955 4172 ee
979 4117 1087 4173 iustitia
1111 4135 1160 4188 per
1182 4135 1211 4173 ae
1233 4133 1405 4192 nequaquam
1422 4118 1453 4172 Β

305 4205 411 4259 iustitie
429 4221 478 4274 per
495 4221 524 4258 se
549 4221 719 4274 nequaquam
749 4204 802 4259 OT
825 4206 884 4262 edd.
909 4206 1017 4261 iustitia
1041 4224 1212 4278 nequaquam
1236 4224 1285 4278 par
1309 4223 1338 4261 se
1355 4206 1397 4274 Ρ,·
1414 4207 1453 4273 cf.

300 4311 330 4362 p.
353 4296 419 4356 720,
440 4297 458 4346 3
