3309 4867
654 401 919 474 epistularum
947 404 1014 459 LIII
1338 411 1400 477 157

186 573 190 580 ’
220 648 226 656 .
250 596 327 677 post
347 593 544 661 Primianum
567 594 824 678 rebaptizatores,
846 596 1021 664 uniuersali
1044 600 1177 668 coneilio
1196 619 1256 667 suo
1275 601 1401 668 damna·

251 705 332 780 rent,
354 703 393 767 nt
415 711 451 767 ex
475 719 585 768 eorum
608 722 738 769 numero
760 706 837 787 post
858 723 919 771 non
940 723 1076 788 paruum
1099 709 1228 806 tempus
1246 707 1403 792 quosdam

249 805 283 872 in
305 807 480 874 honoribus
503 808 707 892 episcopatus
730 808 793 886 sui,
810 808 1008 878 Feliciannm
1027 810 1241 881 Mustitrnum
1258 815 1292 879 et
1307 813 1400 882 Prae·

250 913 410 980 textatnm
432 912 668 994 Arruntanum,
693 920 827 1001 cogente
850 915 968 1000 Optato
993 914 1182 985 Gildonisne
1201 919 1401 1003 susciperent

219 1036 325 1084 scum
352 1020 511 1099 omnibus,
540 1039 620 1104 quos
649 1020 790 1087 damnati
816 1025 904 1089 extre
925 1023 1177 1108 baptizauernnt
1200 1026 1286 1109 qnod
1308 1027 1337 1093 si
1359 1028 1398 1093 ab

251 1126 308 1205 eis,
331 1145 413 1210 quos
436 1146 490 1193 ore
512 1126 637 1211 proprio
656 1130 820 1210 umquam
833 1130 1012 1195 scelemtos
1030 1131 1065 1196 et
1081 1131 1254 1218 sacrilegos
1273 1131 1399 1198 damna·

250 1236 365 1299 nerunt
397 1236 430 1298 et
461 1252 541 1317 quos
572 1233 639 1300 iilis
670 1234 783 1318 primis
815 1235 1043 1314 schismaticis,
1077 1255 1157 1321 quos
1189 1237 1283 1304 uiuos
1315 1240 1400 1304 terra

249 1338 366 1415 obruit,
407 1344 640 1425 compararunt,
681 1360 742 1407 non
778 1341 989 1419 maculantur,
1026 1360 1099 1408 cum
1135 1343 1195 1409 eia.
1218 1363 1329 1411 rursus
1365 1344 1397 1410 in

249 1445 366 1511 honore
398 1462 457 1510 suo
484 1446 620 1529 receptis
648 1446 893 1525 communicent
921 1447 1077 1533 suigilent
1102 1448 1283 1533 aliquando,
1314 1449 1397 1535 cogi·

204 1580 230 1620 ιι
248 1553 327 1630 tent,
346 1554 463 1634 quantu
480 1551 633 1618 caecitate
656 1555 689 1617 et
711 1558 830 1636 quanta
851 1552 974 1619 insania
991 1552 1098 1620 dicant
1115 1554 1225 1621 orbem
1243 1559 1396 1622 terrarum

246 1657 368 1743 ignotis
399 1657 548 1725 Afrorum
582 1659 767 1725 criminibus
800 1671 872 1726 ease
902 1660 1098 1727 maculatum
1130 1664 1164 1728 et
1188 1660 1394 1727 hereditatem

248 1764 378 1840 Christi,
416 1785 495 1849 qnae
531 1767 689 1851 promissa
725 1766 866 1836 exhibita
900 1769 953 1833 est
986 1764 1019 1832 in
1056 1766 1202 1833 omnibus
1234 1767 1395 1854 gentibus,

246 1871 387 1953 peccatis
422 1872 572 1938 Afrorum
609 1891 665 1957 per
701 1873 923 1959 contagionem
958 1856 1258 1952 communicationis
1292 1874 1394 1941 tuisse

246 1976 393 2056 deletam,
421 1979 545 2062 qnando
573 1997 609 2045 se
635 1981 751 2045 nolunt
776 1979 899 2047 deletos
926 1983 960 2068 et
981 1982 1158 2066 maculatos
1181 1979 1294 2062 uideri,
1317 1980 1393 2046 dum

202 2111 228 2152 ιι
246 2084 293 2150 cis
316 2085 561 2165 communicant,
584 2099 719 2170 quornm
743 2086 873 2153 crirnina
895 2086 1023 2174 cognite
1042 2086 1233 2176 iudicarunt

176 2199 198 2263 7
288 2187 488 2276 Quapropter
509 2211 584 2258 cum
606 2192 727 2258 Penlne
749 2189 916 2277 apostoiur
937 2192 1055 2259 iterum
1078 2193 1173 2271 dicat,
1196 2194 1273 2277 quia
1302 2193 1393 2278 ipse

246 2301 415 2364 satanas
443 2297 789 2384 transfiguratas
812 2299 851 2364 in
875 2298 1058 2384 angelum
1081 2298 1202 2377 lucis,
1225 2297 1314 2366 unde
1331 2317 1393 2366 non

247 2423 318 2470 esse
340 2405 470 2477 ninum.
493 2405 526 2470 si
551 2404 737 2472 ministri
761 2404 850 2471 siue
879 2405 1186 2493 transfigurant
1212 2425 1254 2472 se
1282 2406 1394 2473 sicut

245 2510 460 2577 ministros
493 2511 700 2588 institiae,
734 2511 763 2577 si
790 2529 867 2577 nere
888 2512 951 2578 iste
975 2512 1115 2596 aliquem
1137 2514 1287 2600 angelum
1311 2511 1394 2578 uidit

196 2643 225 2683 ιι
244 2616 358 2682 erroris
385 2617 535 2683 nuntium
564 2618 662 2683 etde
689 2617 813 2684 unitata
841 2618 998 2685 catholica
1025 2617 1221 2685 Christianos
1250 2635 1393 2701 separrre

243 2721 434 2804 cupientem,
461 2721 532 2807 ipse
558 2740 675 2805 passus
702 2726 754 2789 est
781 2722 929 2809 angeium
957 2727 1085 2789 satanae
1115 2722 1392 2810 transfigurantem

243 2846 277 2892 ee
300 2829 392 2895 uelut
413 2829 564 2915 angelum
582 2829 677 2896 lucis.
697 2828 726 2895 si
751 2831 857 2895 autem
880 2829 1034 2896 mentitur
1056 2833 1090 2896 et
1111 2829 1275 2900 nihilt'ale
1297 2828 1391 2906 uidit,

241 2934 310 3016 ipse
342 2938 392 3001 est
422 2935 568 3009 minister
600 2938 729 3002 satanae
761 2935 989 3020 mnnafignrans
1021 2953 1056 2999 se
1087 2934 1180 3001 uelut
1209 2934 1392 3001 ministrum

241 3039 394 3107 iustitiae.
423 3044 456 3107 et
483 3044 588 3106 tamen
616 3041 681 3107 ista
703 3041 809 3107 omnia
833 3040 1035 3107 considerans
1058 3039 1087 3106 ai
1109 3040 1242 3105 nimium
1266 3059 1392 3125 peruer-
1510 3055 1515 3082 ¹

193 3175 221 3214 ιι
242 3165 298 3210 sus
326 3150 360 3213 et
385 3147 528 3231 pertinax
556 3167 627 3213 esse
654 3147 801 3223 noluerit,
824 3147 943 3231 peterit
965 3146 1014 3212 nb.
1028 3147 1115 3212 omni
1136 3146 1191 3212 uel
1213 3146 1316 3212 aliena
1337 3145 1391 3211 uel

241 3272 300 3317 sun
327 3253 512 3320 seductione
539 3253 678 3319 liberari.
711 3273 769 3345 nos
798 3254 881 3320 enim
910 3271 966 3336 per
988 3251 1186 3319 occesionem
1209 3254 1299 3317 tunm
1323 3252 1390 3318 sine

240 3362 347 3443 aliquo
376 3361 448 3427 odic
477 3362 685 3429 conuenimns
712 3361 772 3426 hoc
801 3361 885 3425 circa
912 3378 985 3452 enm
1010 3362 1185 3437 seruantes,
1208 3356 1294 3441 quod
1317 3376 1389 3440 apc-

240 3467 343 3533 stolua
385 3469 478 3533 dicit:
521 3468 689 3535 Seruum
732 3469 866 3533 autem
908 3463 1060 3530 domini
1101 3462 1273 3550 litigare
1314 3480 1387 3528 uon

329 3639 444 3698 INum.
466 3642 507 3706 lc,
527 3641 634 3698 21-33
672 3641 706 3696 lc
724 3639 753 3694 11
771 3638 831 3697 Cor.
853 3638 895 3703 11,
916 3639 1022 3698 14-15
1059 3636 1093 3692 28
1111 3635 1140 3691 II
1158 3634 1387 3700 Timete-nc

277 3767 289 3820 l
311 3767 375 3834 poet
393 3764 560 3820 Primianum
579 3763 792 3835 rebaptizatores
810 3779 862 3819 orn.
880 3761 918 3816 Μ
960 3762 978 3817 2
997 3761 1125 3831 partium,
1141 3764 1209 3815 Μ
1227 3776 1341 3831 paruum
1358 3756 1387 3813 R

237 3852 354 3923 bqnnd
372 3857 439 3907 Μ
457 3870 524 3923 quos
542 3852 580 3907 Μ
631 3852 839 3922 baptimuerant
855 3851 952 3918 firm
1007 3850 1110 3921 tiques
1128 3865 1182 3904 om.
1199 3848 1237 3904 Μ
1255 3846 1332 3913 (adt.
1351 3863 1386 3901 rr.

237 3941 299 4012 1)R
336 3943 447 4012 Iprimi
460 3942 616 3998 schismatis
629 3938 957 4012 (circummuniam
967 3937 1248 4009 primisrchmatisB
1300 3939 1385 4001 turra,

236 4048 306 4088 corr.
325 4032 532 4087 metensi!
574 4030 855 4098 8sorbuitFA50t'.
871 4045 902 4098 p.
922 4029 1027 4090 um
1078 4027 1111 4082 12
1128 4025 1273 4102 promtum!
1294 4026 1324 4080 et
1340 4039 1387 4078 ex·

237 4121 326 4174 bibita
343 4128 387 4175 est
400 4121 437 4177 Μ
472 4122 506 4175 14
525 4120 644 4177 delatam
657 4121 685 4173 A
722 4121 757 4174 16
775 4117 915 4190 apostolus
935 4115 1032 4187 paulun
1047 4118 1080 4171 M
1132 4113 1273 4185 apostolus
1286 4112 1386 4166 iterum

236 4225 288 4264 oar.
307 4209 335 4266 B
378 4209 411 4266 18
430 4211 501 4280 esse]
522 4210 592 4265 edd
632 4208 666 4264 19
684 4223 748 4263 uero
769 4210 794 4260 Δ
836 4207 869 4261 21
889 4203 1111 4275 nonsummum
1129 4219 1159 4259 re
1176 4201 1214 4258 Μ
1252 4200 1288 4254 25
1306 4199 1385 4253 uoln-

236 4297 330 4353 eritB
365 4299 472 4353 idcine
490 4315 541 4355 cra
557 4297 593 4353 M
627 4299 661 4352 27
677 4297 808 4367 aliqnad
847 4294 882 4352 28
901 4293 983 4349 aitR
1035 4286 1388 4362 nnucportetlitigaredd
