<?xml version="1.0" encoding="UTF-8"?>
<!DOCTYPE html PUBLIC "-//W3C//DTD XHTML 1.0 Transitional//EN"
    "http://www.w3.org/TR/xhtml1/DTD/xhtml1-transitional.dtd">
<html xmlns="http://www.w3.org/1999/xhtml" xml:lang="en" lang="en">
 <head>
  <title>
</title>
<meta http-equiv="Content-Type" content="text/html;charset=utf-8" />
  <meta name='ocr-system' content='tesseract 3.04.00' />
  <meta name='ocr-capabilities' content='ocr_page ocr_carea ocr_par ocr_line ocrx_word'/>
</head>
<body>
  <div class='ocr_page' id='page_1' title='image "./savreliavgvstin00goldgoog_0431.png"; bbox 0 0 3309 4867; ppageno 0'>
   <div class='ocr_carea' id='block_1_1' title="bbox 1395 71 1466 117">
    <p class='ocr_par' dir='ltr' id='par_1_1' title="bbox 1395 71 1466 117">
     <span class='ocr_line' id='line_1_1' title="bbox 1395 71 1466 117; baseline 0 0"><span class='ocrx_word' id='word_1_1' title='bbox 1395 71 1400 104; x_wconf 42' lang='grc' dir='ltr'>ι</span> <span class='ocrx_word' id='word_1_2' title='bbox 1463 107 1466 117; x_wconf 84' lang='grc' dir='ltr'>ι</span> 
     </span>
    </p>
   </div>
   <div class='ocr_carea' id='block_1_2' title="bbox 573 303 1399 415">
    <p class='ocr_par' dir='ltr' id='par_1_2' title="bbox 573 303 1399 415">
     <span class='ocr_line' id='line_1_2' title="bbox 573 303 1399 415; baseline 0.001 -18"><span class='ocrx_word' id='word_1_3' title='bbox 573 304 857 414; x_wconf 22' lang='lat' dir='ltr'><strong>&#39;epistularum</strong></span> <span class='ocrx_word' id='word_1_4' title='bbox 887 303 1059 406; x_wconf 59' lang='lat' dir='ltr'><strong>cdxxvm.</strong></span> <span class='ocrx_word' id='word_1_5' title='bbox 1333 347 1399 415; x_wconf 73' lang='lat'><strong>409</strong></span> 
     </span>
    </p>
   </div>
   <div class='ocr_carea' id='block_1_3' title="bbox 163 518 1420 944">
    <p class='ocr_par' dir='ltr' id='par_1_3' title="bbox 163 518 1420 944">
     <span class='ocr_line' id='line_1_3' title="bbox 246 518 1420 624; baseline 0.006 -21"><span class='ocrx_word' id='word_1_6' title='bbox 246 556 340 619; x_wconf 83' lang='lat' dir='ltr'><strong>quem</strong></span> <span class='ocrx_word' id='word_1_7' title='bbox 373 537 414 603; x_wconf 88' lang='lat' dir='ltr'><strong>ad</strong></span> <span class='ocrx_word' id='word_1_8' title='bbox 440 539 571 604; x_wconf 88' lang='lat' dir='ltr'><strong>modum</strong></span> <span class='ocrx_word' id='word_1_9' title='bbox 600 518 701 605; x_wconf 64' lang='lat' dir='ltr'><strong>cans&#39;r&#39;i</strong></span> <span class='ocrx_word' id='word_1_10' title='bbox 721 541 930 624; x_wconf 68' lang='lat' dir='ltr'><strong>distentque</strong></span> <span class='ocrx_word' id='word_1_11' title='bbox 958 538 1047 604; x_wconf 85' lang='lat' dir='ltr'><strong>finita</strong></span> <span class='ocrx_word' id='word_1_12' title='bbox 1073 539 1117 605; x_wconf 92' lang='lat' dir='ltr'><strong>sit</strong></span> <span class='ocrx_word' id='word_1_13' title='bbox 1144 544 1178 605; x_wconf 90' lang='lat' dir='ltr'><strong>at</strong></span> <span class='ocrx_word' id='word_1_14' title='bbox 1200 539 1420 610; x_wconf 62' lang='lat' dir='ltr'><strong>Caecilianus*</strong></span> 
     </span>
     <span class='ocr_line' id='line_1_4' title="bbox 246 630 1399 739; baseline 0.006 -32"><span class='ocrx_word' id='word_1_15' title='bbox 246 643 396 711; x_wconf 84' lang='lat' dir='ltr'><strong>innocens</strong></span> <span class='ocrx_word' id='word_1_16' title='bbox 419 643 579 711; x_wconf 88' lang='lat' dir='ltr'><strong>iudicatus</strong></span> <span class='ocrx_word' id='word_1_17' title='bbox 603 645 658 722; x_wconf 82' lang='lat' dir='ltr'><strong>sit,</strong></span> <span class='ocrx_word' id='word_1_18' title='bbox 681 630 821 739; x_wconf 78' lang='lat' dir='ltr'><strong>indicant</strong></span> <span class='ocrx_word' id='word_1_19' title='bbox 844 647 937 731; x_wconf 90' lang='lat' dir='ltr'><strong>gesta</strong></span> <span class='ocrx_word' id='word_1_20' title='bbox 955 645 1181 712; x_wconf 85' lang='lat' dir='ltr'><strong>ecclesiastica.</strong></span> <span class='ocrx_word' id='word_1_21' title='bbox 1204 646 1266 712; x_wconf 88' lang='lat' dir='ltr'><strong>iam</strong></span> <span class='ocrx_word' id='word_1_22' title='bbox 1286 648 1399 731; x_wconf 86' lang='lat' dir='ltr'><strong>utique</strong></span> 
     </span>
     <span class='ocr_line' id='line_1_5' title="bbox 163 744 1400 835; baseline 0.004 -20"><span class='ocrx_word' id='word_1_23' title='bbox 163 792 166 797; x_wconf 36' lang='lat'><strong>⁴</strong></span> <span class='ocrx_word' id='word_1_24' title='bbox 247 754 324 833; x_wconf 90' lang='lat' dir='ltr'><strong>post</strong></span> <span class='ocrx_word' id='word_1_25' title='bbox 349 749 519 835; x_wconf 88' lang='lat' dir='ltr'><strong>pacificum</strong></span> <span class='ocrx_word' id='word_1_26' title='bbox 549 744 752 816; x_wconf 74' lang='lat' dir='ltr'>moderamen</span> <span class='ocrx_word' id='word_1_27' title='bbox 785 751 977 834; x_wconf 82' lang='lat' dir='ltr'><strong>episcopialis</strong></span> <span class='ocrx_word' id='word_1_28' title='bbox 1004 751 1115 818; x_wconf 90' lang='lat' dir='ltr'><strong>indicii</strong></span> <span class='ocrx_word' id='word_1_29' title='bbox 1143 753 1245 819; x_wconf 91' lang='lat' dir='ltr'><strong>omnia</strong></span> <span class='ocrx_word' id='word_1_30' title='bbox 1273 756 1400 820; x_wconf 89' lang='lat' dir='ltr'><strong>conten·</strong></span> 
     </span>
     <span class='ocr_line' id='line_1_6' title="bbox 172 857 1400 944; baseline 0.006 -24"><span class='ocrx_word' id='word_1_31' title='bbox 172 927 174 931; x_wconf 50' lang='grc'>,</span> <span class='ocrx_word' id='word_1_32' title='bbox 246 857 343 922; x_wconf 90' lang='lat' dir='ltr'><strong>tionis</strong></span> <span class='ocrx_word' id='word_1_33' title='bbox 366 860 403 922; x_wconf 84' lang='lat' dir='ltr'><strong>et</strong></span> <span class='ocrx_word' id='word_1_34' title='bbox 422 857 634 922; x_wconf 68' lang='lat' dir='ltr'><strong>animositatis</strong></span> <span class='ocrx_word' id='word_1_35' title='bbox 658 858 831 941; x_wconf 75' lang='lat' dir='ltr'><strong>pertinacia</strong></span> <span class='ocrx_word' id='word_1_36' title='bbox 854 857 990 924; x_wconf 81' lang='lat' dir='ltr'><strong>debebat</strong></span> <span class='ocrx_word' id='word_1_37' title='bbox 1020 858 1172 944; x_wconf 80' lang='lat' dir='ltr'><strong>extingui.</strong></span> <span class='ocrx_word' id='word_1_38' title='bbox 1200 858 1256 925; x_wconf 89' lang='lat' dir='ltr'><strong>sed</strong></span> <span class='ocrx_word' id='word_1_39' title='bbox 1286 874 1400 927; x_wconf 81' lang='lat' dir='ltr'><strong>rursus</strong></span> 
     </span>
    </p>
   </div>
   <div class='ocr_carea' id='block_1_4' title="bbox 212 953 1506 1047">
    <p class='ocr_par' dir='ltr' id='par_1_4' title="bbox 212 953 1506 1047">
     <span class='ocr_line' id='line_1_7' title="bbox 212 953 1506 1047; baseline 0.003 -21"><span class='ocrx_word' id='word_1_40' title='bbox 212 963 382 1029; x_wconf 83' lang='lat' dir='ltr'><strong>smaiores</strong></span> <span class='ocrx_word' id='word_1_41' title='bbox 405 964 506 1029; x_wconf 87' lang='lat' dir='ltr'><strong>nestri</strong></span> <span class='ocrx_word' id='word_1_42' title='bbox 529 963 569 1028; x_wconf 81' lang='lat' dir='ltr'><strong>sd</strong></span> <span class='ocrx_word' id='word_1_43' title='bbox 592 963 817 1047; x_wconf 75' lang='lat' dir='ltr'><strong>imperatorem</strong></span> <span class='ocrx_word' id='word_1_44' title='bbox 840 963 1011 1039; x_wconf 85' lang='lat' dir='ltr'><strong>redierunt,</strong></span> <span class='ocrx_word' id='word_1_45' title='bbox 1035 983 1096 1030; x_wconf 93' lang='lat' dir='ltr'><strong>non</strong></span> <span class='ocrx_word' id='word_1_46' title='bbox 1119 953 1397 1032; x_wconf 82' lang='lat' dir='ltr'><strong>recte-indicatum</strong></span> <span class='ocrx_word' id='word_1_47' title='bbox 1420 1003 1423 1008; x_wconf 93' lang='lat'><em>·</em></span> <span class='ocrx_word' id='word_1_48' title='bbox 1502 1030 1506 1039; x_wconf 18' lang='lat' dir='ltr'>x</span> 
     </span>
    </p>
   </div>
   <div class='ocr_carea' id='block_1_5' title="bbox 181 1069 1469 1581">
    <p class='ocr_par' dir='ltr' id='par_1_5' title="bbox 181 1069 1469 1581">
     <span class='ocr_line' id='line_1_8' title="bbox 247 1069 1400 1153; baseline 0.005 -19"><span class='ocrx_word' id='word_1_49' title='bbox 247 1087 348 1151; x_wconf 90' lang='lat' dir='ltr'><strong>neque</strong></span> <span class='ocrx_word' id='word_1_50' title='bbox 371 1086 496 1135; x_wconf 89' lang='lat' dir='ltr'><strong>omnem</strong></span> <span class='ocrx_word' id='word_1_51' title='bbox 519 1088 648 1135; x_wconf 87' lang='lat' dir='ltr'><strong>cansam</strong></span> <span class='ocrx_word' id='word_1_52' title='bbox 673 1069 814 1143; x_wconf 85' lang='lat' dir='ltr'><strong>auditam</strong></span> <span class='ocrx_word' id='word_1_53' title='bbox 840 1071 1102 1153; x_wconf 79' lang='lat' dir='ltr'><strong>essaconqnesti</strong></span> <span class='ocrx_word' id='word_1_54' title='bbox 1129 1075 1213 1137; x_wconf 90' lang='lat' dir='ltr'><strong>sunt</strong></span> <span class='ocrx_word' id='word_1_55' title='bbox 1238 1071 1321 1140; x_wconf 85' lang='lat' dir='ltr'><strong>unde</strong></span> <span class='ocrx_word' id='word_1_56' title='bbox 1342 1071 1400 1140; x_wconf 85' lang='lat' dir='ltr'><strong>ille</strong></span> 
     </span>
     <span class='ocr_line' id='line_1_9' title="bbox 247 1175 1469 1271; baseline 0.004 -33"><span class='ocrx_word' id='word_1_57' title='bbox 247 1175 382 1242; x_wconf 86' lang='lat' dir='ltr'><strong>altarum</strong></span> <span class='ocrx_word' id='word_1_58' title='bbox 419 1176 600 1261; x_wconf 90' lang='lat' dir='ltr'><strong>episcopale</strong></span> <span class='ocrx_word' id='word_1_59' title='bbox 636 1175 791 1242; x_wconf 87' lang='lat' dir='ltr'><strong>indicium</strong></span> <span class='ocrx_word' id='word_1_60' title='bbox 825 1176 914 1271; x_wconf 87' lang='lat' dir='ltr'><strong>dedit</strong></span> <span class='ocrx_word' id='word_1_61' title='bbox 945 1176 1126 1257; x_wconf 75' lang='lat' dir='ltr'><strong>habandam</strong></span> <span class='ocrx_word' id='word_1_62' title='bbox 1156 1178 1189 1242; x_wconf 92' lang='lat' dir='ltr'><strong>in</strong></span> <span class='ocrx_word' id='word_1_63' title='bbox 1221 1178 1400 1248; x_wconf 75' lang='lat' dir='ltr'><strong>Arelatensi</strong></span> <span class='ocrx_word' id='word_1_64' title='bbox 1466 1262 1469 1269; x_wconf 11' lang='grc' dir='ltr'><strong>λ</strong></span> 
     </span>
     <span class='ocr_line' id='line_1_10' title="bbox 248 1279 1400 1357; baseline 0.002 -10"><span class='ocrx_word' id='word_1_65' title='bbox 248 1279 371 1347; x_wconf 75' lang='lat' dir='ltr'><strong>Galliae</strong></span> <span class='ocrx_word' id='word_1_66' title='bbox 394 1282 536 1357; x_wconf 79' lang='lat' dir='ltr'><strong>ciuitate,</strong></span> <span class='ocrx_word' id='word_1_67' title='bbox 560 1282 614 1348; x_wconf 87' lang='lat' dir='ltr'><strong>ubi</strong></span> <span class='ocrx_word' id='word_1_68' title='bbox 637 1282 733 1348; x_wconf 82' lang='lat' dir='ltr'><strong>malti</strong></span> <span class='ocrx_word' id='word_1_69' title='bbox 756 1283 858 1348; x_wconf 87' lang='lat' dir='ltr'><strong>nestri</strong></span> <span class='ocrx_word' id='word_1_70' title='bbox 876 1301 959 1348; x_wconf 90' lang='lat' dir='ltr'><strong>nana</strong></span> <span class='ocrx_word' id='word_1_71' title='bbox 977 1286 1010 1349; x_wconf 89' lang='lat' dir='ltr'><strong>et</strong></span> <span class='ocrx_word' id='word_1_72' title='bbox 1026 1282 1186 1349; x_wconf 74' lang='lat' dir='ltr'><strong>diabmica</strong></span> <span class='ocrx_word' id='word_1_73' title='bbox 1203 1283 1400 1355; x_wconf 80' lang='lat' dir='ltr'><strong>dimensione</strong></span> 
     </span>
     <span class='ocr_line' id='line_1_11' title="bbox 181 1387 1398 1471; baseline 0.002 -18"><span class='ocrx_word' id='word_1_74' title='bbox 181 1432 186 1441; x_wconf 86' lang='lat'><em>-</em></span> <span class='ocrx_word' id='word_1_75' title='bbox 247 1389 396 1454; x_wconf 88' lang='lat' dir='ltr'><strong>damnata</strong></span> <span class='ocrx_word' id='word_1_76' title='bbox 427 1405 501 1453; x_wconf 91' lang='lat' dir='ltr'><strong>cnm</strong></span> <span class='ocrx_word' id='word_1_77' title='bbox 529 1388 709 1455; x_wconf 84' lang='lat' dir='ltr'><strong>Caeciliano</strong></span> <span class='ocrx_word' id='word_1_78' title='bbox 742 1388 775 1453; x_wconf 93' lang='lat' dir='ltr'><strong>in</strong></span> <span class='ocrx_word' id='word_1_79' title='bbox 809 1387 1008 1471; x_wconf 75' lang='lat' dir='ltr'><strong>concordiam</strong></span> <span class='ocrx_word' id='word_1_80' title='bbox 1036 1388 1206 1469; x_wconf 88' lang='lat' dir='ltr'><strong>radiemnt,</strong></span> <span class='ocrx_word' id='word_1_81' title='bbox 1239 1390 1294 1455; x_wconf 93' lang='lat' dir='ltr'><strong>alii</strong></span> <span class='ocrx_word' id='word_1_82' title='bbox 1322 1409 1398 1456; x_wconf 87' lang='lat' dir='ltr'><strong>uero</strong></span> 
     </span>
     <span class='ocr_line' id='line_1_12' title="bbox 202 1494 1400 1581; baseline 0.004 -24"><span class='ocrx_word' id='word_1_83' title='bbox 202 1520 228 1558; x_wconf 82' lang='lat' dir='ltr'><strong>n</strong></span> <span class='ocrx_word' id='word_1_84' title='bbox 247 1495 493 1580; x_wconf 77' lang='lat' dir='ltr'><strong>pertinacissimi</strong></span> <span class='ocrx_word' id='word_1_85' title='bbox 516 1498 549 1560; x_wconf 91' lang='lat' dir='ltr'><strong>at</strong></span> <span class='ocrx_word' id='word_1_86' title='bbox 570 1494 800 1580; x_wconf 82' lang='lat' dir='ltr'><strong>litigiosissimi</strong></span> <span class='ocrx_word' id='word_1_87' title='bbox 824 1495 865 1571; x_wconf 86' lang='lat' dir='ltr'><strong>ad</strong></span> <span class='ocrx_word' id='word_1_88' title='bbox 887 1496 1023 1562; x_wconf 88' lang='lat' dir='ltr'><strong>eundem</strong></span> <span class='ocrx_word' id='word_1_89' title='bbox 1045 1496 1268 1580; x_wconf 81' lang='lat' dir='ltr'><strong>imperatorem</strong></span> <span class='ocrx_word' id='word_1_90' title='bbox 1295 1496 1400 1581; x_wconf 88' lang='lat' dir='ltr'><strong>appel·</strong></span> 
     </span>
    </p>
   </div>
   <div class='ocr_carea' id='block_1_6' title="bbox 247 1602 1514 1693">
    <p class='ocr_par' dir='ltr' id='par_1_6' title="bbox 247 1602 1514 1693">
     <span class='ocr_line' id='line_1_13' title="bbox 247 1602 1514 1693; baseline 0.003 -28"><span class='ocrx_word' id='word_1_91' title='bbox 247 1603 403 1667; x_wconf 88' lang='lat' dir='ltr'><strong>laneront</strong></span> <span class='ocrx_word' id='word_1_92' title='bbox 439 1607 552 1685; x_wconf 81' lang='lat' dir='ltr'><strong>postes</strong></span> <span class='ocrx_word' id='word_1_93' title='bbox 583 1605 616 1668; x_wconf 90' lang='lat' dir='ltr'><strong>st</strong></span> <span class='ocrx_word' id='word_1_94' title='bbox 647 1602 716 1685; x_wconf 89' lang='lat' dir='ltr'><strong>ipse</strong></span> <span class='ocrx_word' id='word_1_95' title='bbox 749 1605 879 1668; x_wconf 85' lang='lat' dir='ltr'><strong>coactns</strong></span> <span class='ocrx_word' id='word_1_96' title='bbox 912 1603 1125 1686; x_wconf 89' lang='lat' dir='ltr'><strong>episcopalem</strong></span> <span class='ocrx_word' id='word_1_97' title='bbox 1158 1622 1290 1670; x_wconf 86' lang='lat' dir='ltr'><strong>cansam·</strong></span> <span class='ocrx_word' id='word_1_98' title='bbox 1316 1604 1401 1670; x_wconf 86' lang='lat' dir='ltr'><strong>inter</strong></span> <span class='ocrx_word' id='word_1_99' title='bbox 1510 1644 1514 1693; x_wconf 69' lang='lat'><strong>³.</strong></span> 
     </span>
    </p>
   </div>
   <div class='ocr_carea' id='block_1_7' title="bbox 202 1707 1496 2752">
    <p class='ocr_par' dir='ltr' id='par_1_7' title="bbox 212 1707 1496 2005">
     <span class='ocr_line' id='line_1_14' title="bbox 212 1707 1407 1795; baseline 0.002 -22"><span class='ocrx_word' id='word_1_100' title='bbox 212 1750 216 1755; x_wconf 86' lang='lat'><em>-</em></span> <span class='ocrx_word' id='word_1_101' title='bbox 247 1711 353 1790; x_wconf 82' lang='lat' dir='ltr'><strong>partes</strong></span> <span class='ocrx_word' id='word_1_102' title='bbox 380 1707 540 1792; x_wconf 86' lang='lat' dir='ltr'><strong>cognitam</strong></span> <span class='ocrx_word' id='word_1_103' title='bbox 567 1708 755 1774; x_wconf 85' lang='lat' dir='ltr'><strong>terminsuit</strong></span> <span class='ocrx_word' id='word_1_104' title='bbox 779 1711 815 1776; x_wconf 90' lang='lat' dir='ltr'><strong>at</strong></span> <span class='ocrx_word' id='word_1_105' title='bbox 837 1710 959 1791; x_wconf 89' lang='lat' dir='ltr'><strong>primns</strong></span> <span class='ocrx_word' id='word_1_106' title='bbox 983 1712 1093 1775; x_wconf 86' lang='lat' dir='ltr'><strong>contra</strong></span> <span class='ocrx_word' id='word_1_107' title='bbox 1115 1714 1255 1776; x_wconf 84' lang='lat' dir='ltr'><strong>nestram</strong></span> <span class='ocrx_word' id='word_1_108' title='bbox 1277 1713 1407 1795; x_wconf 73' lang='lat' dir='ltr'><strong>partem⁸</strong></span> 
     </span>
     <span class='ocr_line' id='line_1_15' title="bbox 247 1814 1448 1909; baseline 0.001 -30"><span class='ocrx_word' id='word_1_109' title='bbox 247 1815 350 1899; x_wconf 87' lang='lat' dir='ltr'><strong>legem</strong></span> <span class='ocrx_word' id='word_1_110' title='bbox 388 1814 556 1905; x_wconf 85' lang='lat' dir='ltr'><strong>constitnit</strong></span> <span class='ocrx_word' id='word_1_111' title='bbox 602 1818 660 1887; x_wconf 70' lang='lat' dir='ltr'><strong>nt,</strong></span> <span class='ocrx_word' id='word_1_112' title='bbox 679 1816 752 1881; x_wconf 89' lang='lat' dir='ltr'><strong>loca</strong></span> <span class='ocrx_word' id='word_1_113' title='bbox 789 1816 1072 1902; x_wconf 83' lang='lat' dir='ltr'><strong>congregationum</strong></span> <span class='ocrx_word' id='word_1_114' title='bbox 1107 1820 1286 1898; x_wconf 64' lang='lat' dir='ltr'><strong>damarum</strong></span> <span class='ocrx_word' id='word_1_115' title='bbox 1321 1815 1399 1909; x_wconf 86' lang='lat' dir='ltr'><strong>fisco</strong></span> <span class='ocrx_word' id='word_1_116' title='bbox 1446 1852 1448 1855; x_wconf 95' lang='lat'>-</span> 
     </span>
     <span class='ocr_line' id='line_1_16' title="bbox 249 1912 1496 2005; baseline 0.002 -21"><span class='ocrx_word' id='word_1_117' title='bbox 249 1920 491 1987; x_wconf 87' lang='lat' dir='ltr'><strong>uindicarentnr.</strong></span> <span class='ocrx_word' id='word_1_118' title='bbox 514 1940 648 2005; x_wconf 79' lang='lat' dir='ltr'><strong>qnnarnm</strong></span> <span class='ocrx_word' id='word_1_119' title='bbox 672 1921 814 1987; x_wconf 91' lang='lat' dir='ltr'><strong>omnium</strong></span> <span class='ocrx_word' id='word_1_120' title='bbox 837 1942 943 1992; x_wconf 82' lang='lat' dir='ltr'><strong>rernm</strong></span> <span class='ocrx_word' id='word_1_121' title='bbox 968 1922 1158 1988; x_wconf 77' lang='lat' dir='ltr'><strong>documenta</strong></span> <span class='ocrx_word' id='word_1_122' title='bbox 1186 1924 1214 1988; x_wconf 92' lang='lat' dir='ltr'><strong>si</strong></span> <span class='ocrx_word' id='word_1_123' title='bbox 1242 1921 1400 1988; x_wconf 88' lang='lat' dir='ltr'><strong>uellemns</strong></span> <span class='ocrx_word' id='word_1_124' title='bbox 1493 1912 1496 1915; x_wconf 69' lang='grc'><strong>’</strong></span> 
     </span>
    </p>

    <p class='ocr_par' dir='ltr' id='par_1_8' title="bbox 202 2027 1487 2539">
     <span class='ocr_line' id='line_1_17' title="bbox 202 2027 1400 2112; baseline 0.002 -21"><span class='ocrx_word' id='word_1_125' title='bbox 202 2051 228 2091; x_wconf 74' lang='lat' dir='ltr'><strong>rs</strong></span> <span class='ocrx_word' id='word_1_126' title='bbox 248 2028 395 2108; x_wconf 83' lang='lat' dir='ltr'><strong>inserere,</strong></span> <span class='ocrx_word' id='word_1_127' title='bbox 418 2027 550 2091; x_wconf 84' lang='lat' dir='ltr'><strong>nimiunn</strong></span> <span class='ocrx_word' id='word_1_128' title='bbox 573 2027 687 2112; x_wconf 91' lang='lat' dir='ltr'><strong>longas</strong></span> <span class='ocrx_word' id='word_1_129' title='bbox 710 2027 835 2094; x_wconf 88' lang='lat' dir='ltr'><strong>litteras</strong></span> <span class='ocrx_word' id='word_1_130' title='bbox 858 2028 1156 2095; x_wconf 65' lang='lat' dir='ltr'><strong>necaremus.=illnd</strong></span> <span class='ocrx_word' id='word_1_131' title='bbox 1182 2032 1288 2094; x_wconf 83' lang='lat' dir='ltr'><strong>temen</strong></span> <span class='ocrx_word' id='word_1_132' title='bbox 1311 2028 1400 2093; x_wconf 88' lang='lat' dir='ltr'><strong>nullo</strong></span> 
     </span>
     <span class='ocr_line' id='line_1_18' title="bbox 248 2132 1399 2219; baseline -0.001 -21"><span class='ocrx_word' id='word_1_133' title='bbox 248 2132 341 2200; x_wconf 92' lang='lat' dir='ltr'><strong>modo</strong></span> <span class='ocrx_word' id='word_1_134' title='bbox 373 2134 689 2218; x_wconf 84' lang='lat' dir='ltr'><strong>praetermittendum</strong></span> <span class='ocrx_word' id='word_1_135' title='bbox 722 2138 781 2212; x_wconf 79' lang='lat' dir='ltr'><strong>est,</strong></span> <span class='ocrx_word' id='word_1_136' title='bbox 808 2152 871 2217; x_wconf 87' lang='lat' dir='ltr'><strong>qno</strong></span> <span class='ocrx_word' id='word_1_137' title='bbox 898 2135 992 2201; x_wconf 90' lang='lat' dir='ltr'><strong>modo</strong></span> <span class='ocrx_word' id='word_1_138' title='bbox 1022 2134 1139 2200; x_wconf 78' lang='lat' dir='ltr'><strong>Felicis</strong></span> <span class='ocrx_word' id='word_1_139' title='bbox 1171 2135 1399 2219; x_wconf 78' lang='lat' dir='ltr'><strong>dptnngansis.</strong></span> 
     </span>
     <span class='ocr_line' id='line_1_19' title="bbox 249 2228 1399 2338; baseline -0.001 -33"><span class='ocrx_word' id='word_1_140' title='bbox 249 2259 343 2323; x_wconf 82' lang='lat' dir='ltr'><strong>quem</strong></span> <span class='ocrx_word' id='word_1_141' title='bbox 366 2228 486 2306; x_wconf 81' lang='lat' dir='ltr'><strong>fontem</strong></span> <span class='ocrx_word' id='word_1_142' title='bbox 510 2240 653 2305; x_wconf 90' lang='lat' dir='ltr'><strong>omnium</strong></span> <span class='ocrx_word' id='word_1_143' title='bbox 675 2242 832 2307; x_wconf 89' lang='lat' dir='ltr'><strong>malornm</strong></span> <span class='ocrx_word' id='word_1_144' title='bbox 860 2241 891 2307; x_wconf 89' lang='lat' dir='ltr'><strong>in</strong></span> <span class='ocrx_word' id='word_1_145' title='bbox 920 2240 1054 2307; x_wconf 87' lang='lat' dir='ltr'><strong>concilio</strong></span> <span class='ocrx_word' id='word_1_146' title='bbox 1078 2240 1332 2338; x_wconf 61' lang='lat' dir='ltr'><strong>cathaginensi</strong></span> <span class='ocrx_word' id='word_1_147' title='bbox 1360 2241 1399 2305; x_wconf 86' lang='lat' dir='ltr'><strong>ab</strong></span> 
     </span>
     <span class='ocr_line' id='line_1_20' title="bbox 250 2344 1487 2433; baseline 0.004 -21"><span class='ocrx_word' id='word_1_148' title='bbox 250 2345 392 2425; x_wconf 83' lang='lat' dir='ltr'><strong>Secundo</strong></span> <span class='ocrx_word' id='word_1_149' title='bbox 419 2346 597 2430; x_wconf 78' lang='lat' dir='ltr'><strong>&#39;ligisiteno</strong></span> <span class='ocrx_word' id='word_1_150' title='bbox 624 2346 759 2431; x_wconf 84' lang='lat' dir='ltr'><strong>primata</strong></span> <span class='ocrx_word' id='word_1_151' title='bbox 785 2346 889 2412; x_wconf 77' lang='lat' dir='ltr'><strong>indito</strong></span> <span class='ocrx_word' id='word_1_152' title='bbox 915 2351 1021 2433; x_wconf 88' lang='lat' dir='ltr'><strong>patres</strong></span> <span class='ocrx_word' id='word_1_153' title='bbox 1054 2344 1288 2415; x_wconf 59' lang='lat' dir='ltr'><strong>uestri‘fuisse</strong></span> <span class='ocrx_word' id='word_1_154' title='bbox 1316 2347 1399 2413; x_wconf 76' lang='lat' dir='ltr'><strong>dixe</strong></span> <span class='ocrx_word' id='word_1_155' title='bbox 1484 2407 1487 2417; x_wconf 91' lang='lat'><em>.</em></span> 
     </span>
     <span class='ocr_line' id='line_1_21' title="bbox 246 2452 1399 2539; baseline 0.002 -23"><span class='ocrx_word' id='word_1_156' title='bbox 246 2458 329 2531; x_wconf 79' lang='lat' dir='ltr'><strong>mni,</strong></span> <span class='ocrx_word' id='word_1_157' title='bbox 361 2453 551 2538; x_wconf 85' lang='lat' dir='ltr'><strong>urgentibus</strong></span> <span class='ocrx_word' id='word_1_158' title='bbox 583 2454 667 2537; x_wconf 79' lang='lat' dir='ltr'><strong>epod</strong></span> <span class='ocrx_word' id='word_1_159' title='bbox 703 2454 925 2537; x_wconf 85' lang='lat' dir='ltr'><strong>imperatorem</strong></span> <span class='ocrx_word' id='word_1_160' title='bbox 961 2455 1078 2520; x_wconf 85' lang='lat' dir='ltr'><strong>uestris</strong></span> <span class='ocrx_word' id='word_1_161' title='bbox 1115 2454 1244 2539; x_wconf 87' lang='lat' dir='ltr'><strong>publico</strong></span> <span class='ocrx_word' id='word_1_162' title='bbox 1281 2452 1399 2537; x_wconf 90' lang='lat' dir='ltr'><strong>iudicio</strong></span> 
     </span>
    </p>

    <p class='ocr_par' dir='ltr' id='par_1_9' title="bbox 204 2559 1401 2752">
     <span class='ocr_line' id='line_1_22' title="bbox 204 2559 1401 2643; baseline 0.004 -21"><span class='ocrx_word' id='word_1_163' title='bbox 204 2587 230 2622; x_wconf 77' lang='lat' dir='ltr'><strong>so</strong></span> <span class='ocrx_word' id='word_1_164' title='bbox 250 2579 345 2625; x_wconf 87' lang='lat' dir='ltr'><strong>cansa</strong></span> <span class='ocrx_word' id='word_1_165' title='bbox 380 2560 535 2625; x_wconf 86' lang='lat' dir='ltr'><strong>discussa</strong></span> <span class='ocrx_word' id='word_1_166' title='bbox 558 2563 655 2643; x_wconf 88' lang='lat' dir='ltr'><strong>atque</strong></span> <span class='ocrx_word' id='word_1_167' title='bbox 687 2559 776 2626; x_wconf 88' lang='lat' dir='ltr'><strong>finita</strong></span> <span class='ocrx_word' id='word_1_168' title='bbox 807 2559 862 2628; x_wconf 89' lang='lat' dir='ltr'><strong>sit.</strong></span> <span class='ocrx_word' id='word_1_169' title='bbox 896 2579 972 2626; x_wconf 90' lang='lat' dir='ltr'><strong>nam</strong></span> <span class='ocrx_word' id='word_1_170' title='bbox 1004 2564 1198 2626; x_wconf 86' lang='lat' dir='ltr'><strong>memoratus</strong></span> <span class='ocrx_word' id='word_1_171' title='bbox 1230 2560 1401 2643; x_wconf 85' lang='lat' dir='ltr'><strong>imperator</strong></span> 
     </span>
     <span class='ocr_line' id='line_1_23' title="bbox 249 2665 1400 2752; baseline -0.001 -22"><span class='ocrx_word' id='word_1_172' title='bbox 249 2667 281 2730; x_wconf 88' lang='lat' dir='ltr'><strong>in</strong></span> <span class='ocrx_word' id='word_1_173' title='bbox 313 2668 372 2732; x_wconf 86' lang='lat' dir='ltr'><strong>hac</strong></span> <span class='ocrx_word' id='word_1_174' title='bbox 404 2667 476 2751; x_wconf 89' lang='lat' dir='ltr'><strong>ipsa</strong></span> <span class='ocrx_word' id='word_1_175' title='bbox 507 2685 604 2732; x_wconf 89' lang='lat' dir='ltr'><strong>cansa</strong></span> <span class='ocrx_word' id='word_1_176' title='bbox 635 2669 761 2733; x_wconf 87' lang='lat' dir='ltr'><strong>nestros</strong></span> <span class='ocrx_word' id='word_1_177' title='bbox 794 2670 878 2752; x_wconf 89' lang='lat' dir='ltr'><strong>apud</strong></span> <span class='ocrx_word' id='word_1_178' title='bbox 907 2687 942 2734; x_wconf 91' lang='lat' dir='ltr'><strong>se</strong></span> <span class='ocrx_word' id='word_1_179' title='bbox 969 2670 1170 2733; x_wconf 81' lang='lat' dir='ltr'><strong>accusatores</strong></span> <span class='ocrx_word' id='word_1_180' title='bbox 1197 2670 1231 2733; x_wconf 90' lang='lat' dir='ltr'><strong>ct</strong></span> <span class='ocrx_word' id='word_1_181' title='bbox 1253 2665 1400 2733; x_wconf 86' lang='lat' dir='ltr'><strong>assiduos</strong></span> 
     </span>
    </p>
   </div>
   <div class='ocr_carea' id='block_1_8' title="bbox 249 2767 1400 2962">
    <p class='ocr_par' dir='ltr' id='par_1_10' title="bbox 249 2767 1400 2962">
     <span class='ocr_line' id='line_1_24' title="bbox 249 2767 1400 2857; baseline 0 -21"><span class='ocrx_word' id='word_1_182' title='bbox 249 2767 501 2857; x_wconf 87' lang='lat' dir='ltr'><strong>interpellatores</strong></span> <span class='ocrx_word' id='word_1_183' title='bbox 523 2773 640 2838; x_wconf 80' lang='lat' dir='ltr'><strong>litteris</strong></span> <span class='ocrx_word' id='word_1_184' title='bbox 665 2772 733 2837; x_wconf 90' lang='lat' dir='ltr'><strong>suis</strong></span> <span class='ocrx_word' id='word_1_185' title='bbox 756 2773 859 2839; x_wconf 84' lang='lat' dir='ltr'><strong>fnisse</strong></span> <span class='ocrx_word' id='word_1_186' title='bbox 886 2776 1033 2851; x_wconf 79' lang='lat' dir='ltr'><strong>testetur,</strong></span> <span class='ocrx_word' id='word_1_187' title='bbox 1062 2793 1194 2857; x_wconf 85' lang='lat' dir='ltr'><strong>querum</strong></span> <span class='ocrx_word' id='word_1_188' title='bbox 1221 2772 1400 2854; x_wconf 83' lang='lat' dir='ltr'><strong>exemplum</strong></span> 
     </span>
     <span class='ocr_line' id='line_1_25' title="bbox 250 2877 1034 2962; baseline 0.001 -21"><span class='ocrx_word' id='word_1_189' title='bbox 250 2877 329 2943; x_wconf 79' lang='lat' dir='ltr'><strong>inira</strong></span> <span class='ocrx_word' id='word_1_190' title='bbox 352 2879 552 2962; x_wconf 82' lang='lat' dir='ltr'><strong>scripsimus.</strong></span> <span class='ocrx_word' id='word_1_191' title='bbox 1030 2900 1034 2907; x_wconf 82' lang='lat'><strong>·</strong></span> 
     </span>
    </p>
   </div>
   <div class='ocr_carea' id='block_1_9' title="bbox 208 3072 1404 3778">
    <p class='ocr_par' dir='ltr' id='par_1_11' title="bbox 208 3072 1404 3778">
     <span class='ocr_line' id='line_1_26' title="bbox 285 3072 1399 3158; baseline -0.004 -16"><span class='ocrx_word' id='word_1_192' title='bbox 285 3087 413 3142; x_wconf 73' lang='lat' dir='ltr'><strong>diudicii</strong></span> <span class='ocrx_word' id='word_1_193' title='bbox 433 3088 593 3158; x_wconf 84' lang='lat' dir='ltr'><strong>episcopalis</strong></span> <span class='ocrx_word' id='word_1_194' title='bbox 608 3072 669 3142; x_wconf 74' lang='lat' dir='ltr'><strong>edd.</strong></span> <span class='ocrx_word' id='word_1_195' title='bbox 735 3089 934 3154; x_wconf 65' lang='lat' dir='ltr'><strong>adunationes,</strong></span> <span class='ocrx_word' id='word_1_196' title='bbox 948 3086 1259 3143; x_wconf 75' lang='lat' dir='ltr'><strong>aa.2contentioniad1</strong></span> <span class='ocrx_word' id='word_1_197' title='bbox 1301 3088 1399 3155; x_wconf 72' lang='lat' dir='ltr'><strong>duom]</strong></span> 
     </span>
     <span class='ocr_line' id='line_1_27' title="bbox 250 3173 1403 3247; baseline 0 -19"><span class='ocrx_word' id='word_1_198' title='bbox 250 3182 278 3228; x_wconf 83' lang='lat' dir='ltr'><strong>et</strong></span> <span class='ocrx_word' id='word_1_199' title='bbox 295 3191 348 3230; x_wconf 91' lang='lat' dir='ltr'><strong>non</strong></span> <span class='ocrx_word' id='word_1_200' title='bbox 367 3176 473 3230; x_wconf 79' lang='lat' dir='ltr'><strong>Perid.</strong></span> <span class='ocrx_word' id='word_1_201' title='bbox 541 3176 844 3245; x_wconf 77' lang='lat' dir='ltr'><strong>demncmlenimdl</strong></span> <span class='ocrx_word' id='word_1_202' title='bbox 932 3175 1101 3247; x_wconf 63' lang='lat' dir='ltr'><strong>queatiR²</strong></span> <span class='ocrx_word' id='word_1_203' title='bbox 1141 3176 1199 3239; x_wconf 80' lang='lat' dir='ltr'><strong>illu,</strong></span> <span class='ocrx_word' id='word_1_204' title='bbox 1216 3173 1348 3230; x_wconf 54' lang='lat' dir='ltr'><strong>cistilio</strong></span> <span class='ocrx_word' id='word_1_205' title='bbox 1366 3173 1403 3239; x_wconf 71' lang='grc' dir='ltr'><em>Μ</em></span> 
     </span>
     <span class='ocr_line' id='line_1_28' title="bbox 208 3262 1403 3321; baseline -0.001 -4"><span class='ocrx_word' id='word_1_206' title='bbox 208 3308 211 3317; x_wconf 90' lang='grc'><strong><em>,</em></strong></span> <span class='ocrx_word' id='word_1_207' title='bbox 249 3267 435 3319; x_wconf 73' lang='lat' dir='ltr'><strong>dueatroruna</strong></span> <span class='ocrx_word' id='word_1_208' title='bbox 450 3268 477 3318; x_wconf 79' lang='lat' dir='ltr'><em>A</em></span> <span class='ocrx_word' id='word_1_209' title='bbox 527 3265 683 3320; x_wconf 69' lang='lat' dir='ltr'><strong>ddarnnati</strong></span> <span class='ocrx_word' id='word_1_210' title='bbox 702 3269 729 3318; x_wconf 84' lang='grc' dir='ltr'><strong><em>Α</em></strong></span> <span class='ocrx_word' id='word_1_211' title='bbox 785 3267 829 3320; x_wconf 84' lang='lat' dir='ltr'><strong>in</strong></span> <span class='ocrx_word' id='word_1_212' title='bbox 849 3264 1046 3321; x_wconf 69' lang='lat' dir='ltr'><strong>concordini!</strong></span> <span class='ocrx_word' id='word_1_213' title='bbox 1101 3265 1134 3320; x_wconf 88' lang='grc'><strong>10</strong></span> <span class='ocrx_word' id='word_1_214' title='bbox 1152 3264 1187 3320; x_wconf 85' lang='lat' dir='ltr'><strong>ab</strong></span> <span class='ocrx_word' id='word_1_215' title='bbox 1206 3262 1321 3318; x_wconf 80' lang='lat' dir='ltr'><strong>eundem</strong></span> <span class='ocrx_word' id='word_1_216' title='bbox 1340 3262 1403 3316; x_wconf 82' lang='grc' dir='ltr'><strong>ΜΡ</strong></span> 
     </span>
     <span class='ocr_line' id='line_1_29' title="bbox 251 3352 1399 3424; baseline -0.002 -18"><span class='ocrx_word' id='word_1_217' title='bbox 251 3357 330 3417; x_wconf 75' lang='lat' dir='ltr'><strong>(coer.</strong></span> <span class='ocrx_word' id='word_1_218' title='bbox 350 3353 385 3407; x_wconf 90' lang='lat' dir='ltr'><strong>ad</strong></span> <span class='ocrx_word' id='word_1_219' title='bbox 399 3352 524 3421; x_wconf 79' lang='lat' dir='ltr'><strong>eundem)</strong></span> <span class='ocrx_word' id='word_1_220' title='bbox 577 3354 613 3409; x_wconf 73' lang='lat'><strong>12</strong></span> <span class='ocrx_word' id='word_1_221' title='bbox 628 3358 736 3424; x_wconf 83' lang='lat' dir='ltr'><strong>partem</strong></span> <span class='ocrx_word' id='word_1_222' title='bbox 754 3355 917 3411; x_wconf 83' lang='lat' dir='ltr'><strong>nestramR</strong></span> <span class='ocrx_word' id='word_1_223' title='bbox 955 3355 1001 3410; x_wconf 82' lang='grc'><strong>’14</strong></span> <span class='ocrx_word' id='word_1_224' title='bbox 1020 3354 1094 3414; x_wconf 70' lang='lat' dir='ltr'><strong>sind</strong></span> <span class='ocrx_word' id='word_1_225' title='bbox 1111 3354 1193 3408; x_wconf 89' lang='lat' dir='ltr'><strong>limus</strong></span> <span class='ocrx_word' id='word_1_226' title='bbox 1207 3359 1286 3419; x_wconf 76' lang='lat' dir='ltr'><strong>(corr.</strong></span> <span class='ocrx_word' id='word_1_227' title='bbox 1301 3352 1399 3415; x_wconf 77' lang='lat' dir='ltr'><strong>leacus)</strong></span> 
     </span>
     <span class='ocr_line' id='line_1_30' title="bbox 250 3439 1400 3514; baseline 0.002 -22"><span class='ocrx_word' id='word_1_228' title='bbox 250 3439 286 3492; x_wconf 79' lang='grc' dir='ltr'><em>Μ</em></span> <span class='ocrx_word' id='word_1_229' title='bbox 301 3441 325 3494; x_wconf 91' lang='lat' dir='ltr'><strong>si</strong></span> <span class='ocrx_word' id='word_1_230' title='bbox 343 3441 460 3495; x_wconf 86' lang='lat' dir='ltr'><strong>uelimus</strong></span> <span class='ocrx_word' id='word_1_231' title='bbox 478 3442 507 3496; x_wconf 83' lang='lat' dir='ltr'><em>R</em></span> <span class='ocrx_word' id='word_1_232' title='bbox 525 3443 583 3496; x_wconf 88' lang='lat' dir='ltr'><strong>siue</strong></span> <span class='ocrx_word' id='word_1_233' title='bbox 602 3443 683 3499; x_wconf 83' lang='lat' dir='ltr'><strong>limus</strong></span> <span class='ocrx_word' id='word_1_234' title='bbox 696 3445 724 3497; x_wconf 74' lang='lat' dir='ltr'><strong><em>A</em></strong></span> <span class='ocrx_word' id='word_1_235' title='bbox 782 3444 814 3497; x_wconf 84' lang='lat'><strong>15</strong></span> <span class='ocrx_word' id='word_1_236' title='bbox 833 3442 917 3514; x_wconf 81' lang='lat' dir='ltr'><strong>louge</strong></span> <span class='ocrx_word' id='word_1_237' title='bbox 933 3443 1034 3497; x_wconf 84' lang='lat' dir='ltr'><strong>litteris</strong></span> <span class='ocrx_word' id='word_1_238' title='bbox 1048 3441 1078 3496; x_wconf 84' lang='lat' dir='ltr'><em>F</em></span> <span class='ocrx_word' id='word_1_239' title='bbox 1127 3443 1160 3496; x_wconf 82' lang='lat'><strong>17</strong></span> <span class='ocrx_word' id='word_1_240' title='bbox 1174 3441 1293 3495; x_wconf 86' lang='lat' dir='ltr'><strong>cronium</strong></span> <span class='ocrx_word' id='word_1_241' title='bbox 1306 3455 1359 3495; x_wconf 76' lang='lat' dir='ltr'><strong>esa</strong></span> <span class='ocrx_word' id='word_1_242' title='bbox 1373 3444 1400 3494; x_wconf 79' lang='lat' dir='ltr'><em>A</em></span> 
     </span>
     <span class='ocr_line' id='line_1_31' title="bbox 286 3528 1401 3601; baseline -0.002 -19"><span class='ocrx_word' id='word_1_243' title='bbox 286 3528 535 3598; x_wconf 76' lang='lat' dir='ltr'><strong>enrneginenaind</strong></span> <span class='ocrx_word' id='word_1_244' title='bbox 551 3530 648 3600; x_wconf 65' lang='lat' dir='ltr'><strong>pal?</strong></span> <span class='ocrx_word' id='word_1_245' title='bbox 666 3546 736 3587; x_wconf 71' lang='lat' dir='ltr'><strong>coer.</strong></span> <span class='ocrx_word' id='word_1_246' title='bbox 752 3530 976 3601; x_wconf 83' lang='lat' dir='ltr'><strong>carthaginiensi)</strong></span> <span class='ocrx_word' id='word_1_247' title='bbox 992 3530 1074 3585; x_wconf 78' lang='lat' dir='ltr'><strong>FAP</strong></span> <span class='ocrx_word' id='word_1_248' title='bbox 1086 3531 1146 3587; x_wconf 82' lang='lat' dir='ltr'><strong>edd.</strong></span> <span class='ocrx_word' id='word_1_249' title='bbox 1161 3529 1362 3600; x_wconf 76' lang='lat' dir='ltr'><strong>kartagiueaei·</strong></span> <span class='ocrx_word' id='word_1_250' title='bbox 1376 3533 1401 3593; x_wconf 92' lang='lat' dir='ltr'><strong>(s</strong></span> 
     </span>
     <span class='ocr_line' id='line_1_32' title="bbox 250 3616 1404 3688; baseline 0.001 -18"><span class='ocrx_word' id='word_1_251' title='bbox 250 3633 331 3683; x_wconf 74' lang='lat' dir='ltr'><strong>eree.)</strong></span> <span class='ocrx_word' id='word_1_252' title='bbox 348 3622 375 3671; x_wconf 73' lang='lat' dir='ltr'><strong><em>A</em></strong></span> <span class='ocrx_word' id='word_1_253' title='bbox 435 3618 467 3673; x_wconf 85' lang='grc'><strong>18</strong></span> <span class='ocrx_word' id='word_1_254' title='bbox 485 3618 594 3688; x_wconf 80' lang='lat' dir='ltr'><strong>primati</strong></span> <span class='ocrx_word' id='word_1_255' title='bbox 612 3620 656 3674; x_wconf 81' lang='grc' dir='ltr'><strong>Μ’</strong></span> <span class='ocrx_word' id='word_1_256' title='bbox 718 3619 813 3677; x_wconf 81' lang='lat' dir='ltr'><strong>habito</strong></span> <span class='ocrx_word' id='word_1_257' title='bbox 833 3636 867 3674; x_wconf 66' lang='lat' dir='ltr'><strong><em>a</em></strong></span> <span class='ocrx_word' id='word_1_258' title='bbox 884 3621 1044 3675; x_wconf 61' lang='lat' dir='ltr'><strong>muctare</strong></span> <span class='ocrx_word' id='word_1_259' title='bbox 1063 3619 1165 3674; x_wconf 80' lang='lat' dir='ltr'><strong>addidi</strong></span> <span class='ocrx_word' id='word_1_260' title='bbox 1235 3618 1321 3688; x_wconf 84' lang='lat' dir='ltr'><strong>patris</strong></span> <span class='ocrx_word' id='word_1_261' title='bbox 1340 3616 1404 3671; x_wconf 73' lang='grc' dir='ltr'><strong>ΜΡ</strong></span> 
     </span>
     <span class='ocr_line' id='line_1_33' title="bbox 249 3705 1400 3778; baseline 0.002 -21"><span class='ocrx_word' id='word_1_262' title='bbox 249 3709 319 3772; x_wconf 62' lang='grc' dir='ltr'><strong>(Μ</strong></span> <span class='ocrx_word' id='word_1_263' title='bbox 337 3721 408 3760; x_wconf 83' lang='lat' dir='ltr'><strong>corr.</strong></span> <span class='ocrx_word' id='word_1_264' title='bbox 427 3711 529 3776; x_wconf 77' lang='lat' dir='ltr'><strong>patrea)</strong></span> <span class='ocrx_word' id='word_1_265' title='bbox 550 3708 605 3763; x_wconf 78' lang='lat' dir='ltr'><strong>AR</strong></span> <span class='ocrx_word' id='word_1_266' title='bbox 661 3708 696 3763; x_wconf 79' lang='lat'><strong>20</strong></span> <span class='ocrx_word' id='word_1_267' title='bbox 715 3710 788 3778; x_wconf 80' lang='lat' dir='ltr'><strong>nam]</strong></span> <span class='ocrx_word' id='word_1_268' title='bbox 808 3723 843 3762; x_wconf 86' lang='lat' dir='ltr'><strong>ne</strong></span> <span class='ocrx_word' id='word_1_269' title='bbox 861 3712 887 3763; x_wconf 73' lang='lat' dir='ltr'><em>A</em></span> <span class='ocrx_word' id='word_1_270' title='bbox 943 3710 977 3762; x_wconf 81' lang='lat'><strong>22</strong></span> <span class='ocrx_word' id='word_1_271' title='bbox 997 3713 1115 3762; x_wconf 85' lang='lat' dir='ltr'><strong>testatus</strong></span> <span class='ocrx_word' id='word_1_272' title='bbox 1135 3710 1159 3761; x_wconf 75' lang='lat' dir='ltr'><em>A</em></span> <span class='ocrx_word' id='word_1_273' title='bbox 1219 3707 1254 3762; x_wconf 78' lang='lat'><strong>28</strong></span> <span class='ocrx_word' id='word_1_274' title='bbox 1271 3705 1355 3760; x_wconf 77' lang='lat' dir='ltr'><strong>intras</strong></span> <span class='ocrx_word' id='word_1_275' title='bbox 1373 3707 1400 3759; x_wconf 80' lang='lat' dir='ltr'><em>A</em></span> 
     </span>
    </p>
   </div>
   <div class='ocr_carea' id='block_1_10' title="bbox 0 0 1663 4867">
    <p class='ocr_par' dir='ltr' id='par_1_12' title="bbox 0 0 1663 4867">
     <span class='ocr_line' id='line_1_34' title="bbox 0 0 1663 4867; baseline 0 0"><span class='ocrx_word' id='word_1_276' title='bbox 0 0 1663 4867; x_wconf 95' lang='lat' dir='ltr'><strong> </strong></span> 
     </span>
    </p>
   </div>
  </div>
 </body>
</html>
