3309 4867
367 400 433 465 610
751 397 777 450 S.
806 397 944 451 Aureli
972 395 1188 467 Augustini

318 589 356 652 17
413 587 483 657 Nau
516 610 591 678 erga
628 595 757 676 propter
789 590 893 657 melos
928 591 960 656 iu
992 590 1076 655 mala
1108 588 1305 655 dissensione
1341 608 1513 671 pereamus,

368 697 515 781 quamuis
542 702 669 764 uestras
696 698 833 763 maiores
860 717 922 764 uon
947 701 1142 763 exsecutores
1163 695 1322 761 mularum
1351 695 1407 761 sed
1431 714 1514 760 accu-

369 810 490 870 satores
513 804 731 870 innocentium
753 804 867 882 fuisse,
890 806 919 870 si
938 804 1058 880 uelitis,
1081 802 1245 888 passimus
1264 801 1441 868 censuere.
1463 800 1514 866 sed

370 911 562 995 quicumque
581 910 631 975 illi
650 914 683 975 et
701 911 952 995 qualescumque
969 909 1099 987 faedat,
1122 913 1250 994 portent
1272 909 1411 974 sarcinas
1434 926 1511 972 suas.

370 1035 443 1082 ecce
471 1017 646 1099 scripturae
670 1036 864 1094 communes,
893 1036 968 1083 ecce
991 1016 1047 1081 ubi
1070 1015 1219 1084 nouimus
1244 1015 1420 1088 Christum,
1447 1032 1513 1079 ecce
1538 1033 1548 1071 ε

370 1122 425 1187 ubi
457 1121 607 1187 nouimus
640 1122 816 1189 ecclesiam.
854 1121 881 1186 si
915 1120 1079 1187 Christum
1113 1119 1221 1204 ipsum
1253 1120 1381 1195 mustis,
1418 1119 1512 1201 ipssm

370 1229 538 1294 ecclesiam
566 1246 663 1311 quare
693 1247 755 1294 uon
787 1230 926 1294 tenetis?
959 1229 987 1295 si
1018 1228 1050 1294 iu
1082 1227 1191 1311 ipsum
1219 1225 1393 1301 Christum,
1426 1244 1511 1307 quem

369 1333 479 1417 legitis
503 1336 536 1399 et
563 1352 624 1399 nau
653 1334 782 1410 uidetis,
810 1338 916 1399 tumen
945 1336 1073 1419 prepter
1097 1332 1264 1398 usatstem
1294 1330 1511 1414 scripturarum

370 1439 509 1518 creditis,
538 1460 634 1523 quare
658 1440 825 1507 ecclesiam
850 1440 986 1525 negetis,
1015 1458 1109 1523 quam
1134 1441 1168 1503 et
1193 1438 1302 1522 legitis
1326 1441 1359 1503 et
1380 1435 1511 1502 uidetis?

370 1546 449 1612 haec
481 1547 574 1613 uobis
603 1546 735 1613 diceudo
765 1550 798 1612 et
829 1547 870 1611 sd
901 1535 963 1613 hac
994 1546 1116 1612 bouum
1148 1544 1236 1629 pacis
1264 1548 1297 1609 et
1327 1544 1459 1609 uuitstis
1484 1544 1547 1606 eta

371 1654 513 1720 caritatis
538 1673 596 1720 uas
621 1654 840 1739 compellenda
867 1653 990 1730 inimici
1016 1651 1214 1718 uobisfacti
1241 1669 1353 1717 sumus
1377 1654 1410 1715 et
1434 1668 1510 1713 msu-

266 1827 270 1835 ,
372 1759 466 1836 datis,
494 1762 570 1845 quia
592 1760 744 1827 cecidetis
767 1780 837 1841 uas,
867 1760 922 1844 qui
950 1760 1119 1826 ueritatem
1148 1757 1242 1825 uobis
1266 1756 1405 1823 elisimus
1427 1754 1510 1822 etis

372 1886 474 1934 emere
487 1886 547 1933 uos
561 1867 674 1954 perire,
688 1871 844 1952 quantum
857 1885 1042 1951 possumus,
1057 1884 1119 1931 nau
1135 1863 1361 1948 permittimus.
1381 1860 1512 1928 uindicet

371 1993 429 2041 uas
447 1974 525 2040 deus
544 1973 583 2040 de
601 1973 706 2050 uobis,
728 1978 765 2040 ut
787 1974 895 2057 ipsum
915 1992 1050 2039 errarem
1069 1974 1213 2037 uestrum
1231 1971 1265 2035 iu
1283 1968 1378 2035 uobis
1396 1968 1512 2035 accidet

371 2084 406 2147 et
428 2080 594 2146 nobiscum
618 2079 657 2144 de
680 2080 815 2146 ueritate
839 2078 1015 2165 gaudeatis.
1038 2096 1141 2146 amen.
1525 2094 1547 2134 u

908 2272 989 2340 cvl.

360 2477 362 2481 .
474 2410 621 2468 Domo
640 2409 772 2466 FRATssI
791 2411 948 2468 ultucso
967 2408 1157 2467 asasoslo
1176 2406 1418 2465 scansurus,

418 2538 547 2615 Aurdiui,
580 2536 665 2621 quod
692 2535 851 2620 quendem
885 2536 1115 2603 subdiaconum
1148 2537 1294 2601 nostrum
1326 2533 1510 2617 rebaptizare
1604 2573 1605 2626 q

373 2644 525 2727 disponis.
564 2644 642 2714 ueli:
681 2643 728 2708 sic
760 2642 818 2708 dea
852 2644 956 2719 uiues,
982 2642 1028 2709 sic
1061 2641 1120 2707 dec
1152 2641 1289 2724 placeas,
1323 2640 1369 2707 sic
1402 2635 1515 2706 Christi
1604 2641 1605 2728 q

375 2756 570 2817 sacramente
588 2770 648 2815 uon
672 2749 807 2815 inaniter
829 2749 961 2828 habeas,
984 2749 1032 2815 sic
1050 2767 1113 2814 uon
1131 2749 1163 2812 iu
1183 2750 1345 2813 aeternum
1365 2766 1384 2811 s
1403 2741 1512 2812 Christi
1526 2770 1548 2808 a

375 2855 791 2941 corporeseper·e1is,·ucli‚
818 2871 896 2939 rogo
925 2860 968 2928 te,
996 2854 1102 2929 irater,
1131 2870 1187 2936 pra
1214 2856 1247 2917 te
1270 2852 1340 2934 ipso
1365 2854 1396 2917 te
1419 2850 1511 2934 magis
1604 2849 1605 2934 q

374 2983 459 3048 roga.
480 2967 564 3027 certe
582 2962 749 3047 paululum
765 2960 910 3038 adtende,
930 2960 1014 3044 quod
1029 2959 1110 3026 dico.
1129 2957 1310 3023 Felicisuus
1324 2957 1511 3029 Mastiteuus
1604 2941 1605 2944 ¹

412 3208 472 3263 liu
492 3224 542 3262 am.
562 3205 590 3263 R
662 3207 874 3277 tquamuismt
895 3206 923 3260 A
995 3203 1214 3260 tiuuocentism
1234 3204 1260 3256 A
1346 3201 1446 3257 sallitis
1462 3198 1509 3254 ΡΑ

411 3299 470 3368 pes*
482 3314 575 3351 saurus
593 3297 628 3349 M
691 3297 707 3349 5
726 3311 881 3350 communes
900 3294 1049 3364 scripturae
1068 3291 1097 3346 R
1160 3292 1177 3346 9
1196 3294 1225 3345 at
1238 3281 1306 3360 past
1325 3307 1405 3361 qum
1422 3285 1509 3344 anuli

375 3388 406 3442 ll
429 3402 477 3439 uas
495 3401 547 3440 arn.
565 3383 655 3437 MFA
667 3401 709 3438 ae
799 3383 832 3436 12
852 3381 976 3437 occiditis
995 3396 1045 3434 uas
1063 3380 1091 3434 A
1111 3378 1258 3434 occidimus
1277 3394 1327 3432 uos
1345 3377 1374 3432 P
1457 3374 1506 3447 qui]

375 3475 483 3546 quisA
540 3467 988 3527 13erro.eorr.m.1erroreF
1040 3470 1073 3523 15
1093 3483 1171 3522 amen
1190 3465 1344 3521 ennae

480 3613 509 3669 P
533 3639 566 3661 =
587 3613 645 3667 carl.
665 3614 816 3667 Parisinus
833 3628 900 3669 non.
920 3627 979 3681 aaq.
999 3613 1079 3666 1672
1096 3626 1117 3664 s.
1137 3607 1192 3680 IX.

481 3704 507 3757 L
535 3728 569 3750 ==
589 3702 648 3756 cad.
662 3702 877 3756 Laurentianus
891 3701 931 3755 St.
949 3699 1046 3754 Crucis
1061 3699 1133 3768 piat.
1149 3696 1248 3751 XVII
1259 3695 1346 3751 dextr.
1361 3699 1414 3749 2⁸.
1428 3691 1477 3748 ΧΙ.

489 3790 512 3843 t*
534 3817 568 3839 =
589 3790 648 3848 cort.
672 3790 827 3844 Vaticanus
848 3792 907 3844 495
925 3805 945 3844 s.
966 3787 1032 3842 XV.

485 3879 512 3935 U
536 3905 569 3926 =
590 3878 648 3934 cad.
671 3877 827 3932 Vaticanus
848 3879 908 3931 499
925 3893 947 3930 a.
967 3873 1032 3930 XV.

464 3987 655 4042 Lananieasar
676 3985 750 4039 itanc
768 3984 916 4053 epistularu
939 3984 970 4036 r'n
993 3981 1141 4036 Vaticanis
1163 3977 1366 4048 armentaticus
1386 3978 1507 4045 repertast

372 4078 459 4148 princi
476 4077 629 4129 ediderant.

415 4220 445 4271 17
465 4217 564 4270 dilecto
585 4216 661 4269 fratri
681 4214 706 4267 L
762 4215 794 4267 ts
815 4211 1049 4268 subdiaconernL
1099 4211 1134 4264 20
1152 4225 1206 4264 nau
1225 4194 1280 4262 n'o‘s
1296 4194 1362 4279 (aas
1380 4205 1431 4260 det.
1448 4206 1509 4266 sal)

377 4310 402 4360 isr
424 4312 559 4360 aeteruum
581 4304 605 4356 L
