3309 4867
598 228 613 275 l

305 323 371 388 422
663 319 691 374 S.
719 320 857 374 Aureli
885 320 1104 392 Augustini

283 517 337 599 ,in
373 515 482 583 Africo
518 519 702 581 sanctornm
739 514 887 580 codicum
924 515 1103 596 traditores,
1138 517 1172 578 et
1207 515 1238 579 in
1280 533 1328 594 oo,
1370 504 1457 599 qnod

283 622 506 699 nesciebatis,
533 621 695 699 indicibus
723 621 827 705 magis
856 640 951 704 qnam
980 619 1219 687 accusatoribus
1248 621 1373 686 credere
1400 640 1459 686 uo·

305 728 434 796 luistis‘.
466 729 494 793 si
526 728 645 793 crimen
674 728 811 793 alienum
841 740 902 823 non
926 732 1038 813 grauat
1061 746 1263 811 quemquem,
1288 728 1364 812 qnid
1386 746 1457 813 per·

304 836 386 901 tinet
417 834 458 900 ad
484 834 591 900 orbem
620 839 785 913 terrerum,
813 834 899 917 quod
926 835 957 899 in
980 834 1088 900 Africa
1115 834 1250 917 quisque
1274 835 1457 900 commisit?

305 942 334 1030 si
369 941 490 1006 crimen
526 940 723 1025 incognitum
760 960 824 1006 non
855 945 968 1026 greum
999 959 1203 1025 quemqnam,
1234 939 1317 1006 undo
1348 942 1457 1024 potuit
1491 961 1508 1001 s

305 1041 392 1115 orbis
424 1053 577 1116 terrerum
610 1046 801 1133 cognoscere
834 1035 889 1113 nel
915 1048 1033 1114 crimen
1061 1046 1205 1113 iudicum
1232 1048 1285 1112 nel
1308 1051 1455 1123 reorum?

305 1139 454 1231 indicate,
478 1152 533 1238 qui
556 1173 610 1220 cor
630 1155 765 1223 habetis.
788 1155 868 1220 haee
892 1157 942 1241 est
964 1154 1124 1220 haeretice
1145 1154 1282 1233 institia,
1306 1159 1353 1233 ut,
1380 1156 1458 1239 qnia

306 1260 391 1326 orbis
424 1264 578 1326 terraram
610 1280 671 1327 non
705 1259 834 1337 damnat
861 1262 977 1327 crimen
1005 1260 1214 1345 incognitum,
1242 1279 1315 1345 pere
1339 1254 1456 1328 Donati

276 1368 436 1432 damnet
467 1368 574 1433 orbem
605 1372 761 1433 terrarum
792 1366 996 1433 inauditum?
1033 1350 1202 1434 sedeone
1234 1366 1355 1434 sufficit
1387 1368 1456 1434 orbi

305 1478 459 1542 tanarum
490 1480 596 1540 tenere
627 1469 857 1558 promissiones
890 1474 940 1540 dei
972 1481 1005 1541 et
1037 1476 1067 1541 in
1096 1492 1130 1540 se
1157 1466 1266 1541 uidere
1293 1475 1455 1559 compleri,
1476 1497 1504 1536 ro
1576 1493 1579 1497 ·

306 1580 393 1665 qnod
424 1581 595 1671 prophetas
627 1584 716 1646 tanto
749 1584 822 1647 ente
855 1583 1046 1662 cecinerunt,
1079 1581 1111 1646 in
1140 1579 1260 1647 ois'dem
1288 1580 1455 1664 scripturis

306 1706 476 1773 agnoscere
500 1688 678 1766 eeclesiam,
702 1689 758 1754 ubi
781 1691 815 1754 et
837 1707 891 1754 ror
913 1688 983 1753 eius
1007 1688 1155 1755 Christus
1178 1689 1371 1774 agnoscitur.
1399 1688 1455 1753 nbi

306 1794 390 1860 enim
428 1794 466 1859 de
500 1793 626 1860 Christo
664 1796 741 1860 talia
776 1795 940 1878 praedicta
976 1800 1061 1873 sunt,
1095 1794 1203 1879 qualis
1234 1796 1394 1879 compieta
1422 1794 1455 1859 in

307 1900 472 1986 euangelio
504 1901 652 1986 legimus,
684 1901 752 1967 illio
783 1901 946 1984 praedicta
979 1905 1054 1967 sunt
1090 1902 1129 1966 de
1167 1901 1312 1980 ecclesia,
1349 1902 1454 1986 qualia
1514 1900 1519 1920 “

305 2008 458 2091 compleri
481 2010 550 2073 toto
573 2007 648 2073 orbe
672 2009 735 2073 iam
760 2010 930 2074 cernimus.
1475 2026 1503 2067 aa

261 2114 281 2175 5
348 2112 420 2179 Nisi
455 2114 537 2180 forte
574 2132 766 2198 quemquam
800 2115 1005 2198 prudentium
1042 2115 1253 2198 permanebit,
1291 2114 1375 2199 qnod
1416 2114 1454 2179 de

303 2220 464 2303 baptismo
496 2222 601 2287 solent
631 2221 754 2313 dicere„
773 2226 848 2307 tuno
879 2240 949 2286 esse
972 2241 1084 2287 ueram
1107 2219 1302 2304 baptismum
1326 2221 1455 2296 Christi,

305 2345 378 2391 oum
406 2326 444 2391 eb
471 2327 599 2392 homine
626 2329 712 2393 iusto
741 2327 844 2405 detur,
869 2345 941 2392 cum
965 2333 998 2392 et
1021 2327 1094 2392 hinc
1122 2329 1229 2392 teneat
1252 2326 1337 2393 orbis
1359 2332 1455 2392 terra·

304 2452 375 2497 rum
403 2433 676 2500 euidentissimam
704 2438 736 2498 et
763 2435 981 2517 euangelicam
1010 2434 1189 2510 ueritatem,
1217 2433 1273 2498 nbi
1300 2433 1455 2499 Iohannes

306 2541 365 2615 ait:
406 2538 481 2618 Qui
517 2560 575 2607 me
611 2540 726 2606 misit
761 2541 974 2631 baptizare
1012 2541 1049 2605 in
1088 2558 1200 2623 aqua,
1232 2538 1322 2623 ipse
1354 2539 1505 2610 mihine

306 2647 429 2712 dixit:
454 2646 593 2731 ‘Super
611 2667 725 2729 quem
745 2646 904 2711 nidoris
925 2647 1119 2730 spiritum
1139 2645 1454 2712 descendentem

306 2753 424 2837 qnasi
448 2753 673 2818 columbam
696 2757 736 2818 et
758 2724 984 2818 manen’tem
1009 2771 1131 2836 super
1153 2772 1250 2831 eum,
1272 2753 1361 2836 ipse
1380 2756 1453 2825 est,

305 2859 373 2941 qui
406 2859 594 2941 baptizat
625 2861 663 2924 in
692 2859 846 2943 spiritu
875 2865 1039 2926 sancto’.
1072 2859 1156 2923 undo
1184 2877 1296 2925 secura
1319 2858 1456 2924 ecclesia

305 2985 396 3048 spem
428 2984 490 3030 non
521 2966 609 3050 ponit
642 2966 674 3030 in
707 2965 845 3041 homine,
873 2984 911 3032 ne
938 2965 1058 3032 incidat
1085 2965 1116 3030 in
1141 2965 1231 3031 illem
1253 2964 1454 3043 sententiam,
1481 3030 1489 3039 ,

304 3073 337 3137 in
375 3091 439 3155 qua
469 3073 629 3156 'scriptum
668 3075 730 3137 eet:
768 3072 1021 3138 Maledictus
1059 3072 1198 3149 omnis,
1235 3072 1304 3155 qni
1345 3089 1504 3154 spernas

305 3197 416 3243 snam
440 3178 556 3262 ponit
578 3179 616 3243 in
640 3178 810 3253 homine,
837 3177 893 3241 sed
917 3197 1006 3260 spem
1030 3197 1122 3243 suam
1145 3177 1236 3262 ponit
1257 3176 1290 3242 in
1314 3175 1453 3253 Christo,

306 3286 360 3368 qui
393 3285 439 3350 sic
471 3284 594 3368 accepit
620 3285 753 3350 formam
782 3283 876 3361 serui
907 3290 1026 3349 utnon
1051 3283 1211 3349 amitteret
1233 3283 1366 3349 sormam
1390 3281 1456 3360 dei,

395 3473 507 3529 201011.
528 3475 552 3538 1,
572 3474 606 3529 33
662 3476 695 3529 25
715 3474 788 3529 Hier.
810 3476 889 3530 175
944 3476 977 3529 27
996 3474 1068 3528 Phil.
1088 3477 1114 3537 2,
1133 3475 1203 3528 6-1
1257 3485 1259 3488 '

341 3599 359 3652 4
382 3598 523 3668 quisquam
542 3597 578 3653 M
650 3601 666 3651 5
690 3599 839 3668 cognitum,
857 3602 920 3651 en.2
942 3599 1112 3668 incognitum
1132 3597 1186 3661 PR
1207 3597 1346 3668 cognitum
1364 3596 1477 3651 Mra

306 3687 322 3741 6
341 3684 471 3742 indicium
490 3686 614 3757 (poetri
634 3687 705 3755 cop.)
724 3687 754 3741 F
796 3684 890 3756 iqui]
911 3704 979 3758 quae
993 3688 1021 3742 Δ
1076 3686 1191 3747 eradica.
1210 3702 1280 3741 corr.
1299 3690 1359 3741 nal
1376 3685 1456 3739 here-

306 3775 367 3831 dica
384 3774 416 3830 F
502 3772 650 3828 9de1nnat
667 3775 730 3828 MA
834 3774 987 3828 inauditnm
1007 3774 1047 3842 (di
1066 3789 1124 3843 ap.
1144 3791 1177 3828 or.
1188 3778 1214 3841 1)
1233 3772 1271 3828 M
1285 3774 1410 3830 insutum
1428 3773 1461 3828 F

307 3866 340 3920 lo
359 3862 502 3919 nideriM
555 3865 586 3918 ll
607 3862 787 3920 antevenit
844 3865 876 3918 13
895 3864 1031 3934 completa
1049 3863 1136 3918 ona
1191 3864 1225 3918 16
1243 3861 1461 3933 pmdentismF

341 3953 537 4022 deboptienro]
552 3953 717 4022 baptismum
731 3953 820 4007 ΜΗ
877 3954 910 4006 17
926 3951 1068 4009 diceretA
1121 3951 1261 4006 boooFA
1317 3953 1351 4008 18
1364 3951 1455 4023 datur]

306 4043 370 4098 dato
385 4041 450 4096 ΜΓ
519 4043 557 4111 et]
579 4040 716 4095 adMFA
770 4043 802 4095 21
824 4041 931 4095 nidores
950 4042 976 4095 Δ
1031 4043 1066 4096 22
1085 4042 1164 4111 quasi
1183 4040 1335 4095 columban
1355 4041 1459 4095 oonM

306 4134 341 4188 23
361 4130 444 4201 unde]
464 4130 583 4185 undeet
603 4131 638 4183 ,11
699 4132 733 4184 *24
752 4136 833 4201 ponet
852 4133 879 4184 A
946 4132 981 4185 25
1001 4148 1054 4201 qne
1071 4129 1182 4199 uiscera
1200 4144 1286 4199 cupro
1305 4147 1322 4184 n
1339 4146 1409 4183 erae.
1427 4128 1461 4184 F

306 4222 340 4275 26
359 4221 487 4291 ponatA
562 4221 691 4290 ponetA
