3309 4867
402 1588 464 1626 1⁰

1268 410 1800 481 epistularum
1860 409 2057 465 CVIII.
2676 414 2805 479 623

502 625 658 672 suos
703 606 1021 691 porrigere
1068 609 1133 671 et
1185 623 1397 670 ramos
1462 624 1614 669 suos
1663 624 1773 688 per
1820 623 2071 669 omnem
2116 607 2348 670 terram
2397 606 2575 688 copia
2622 606 2803 671 uber·

502 712 656 777 tat-is
712 712 1063 791 extendere,
1127 731 1274 790 non,
1330 711 1612 795 inquam,
1674 729 1744 776 se
1801 730 1838 775 a
1887 713 1988 776 tot
2040 711 2343 795 gentibus
2401 710 2801 790 Christianis,

502 838 665 903 quae
713 818 966 884 omnino
1024 819 1403 894 nescierunt,
1462 818 1571 901 qui
1632 817 1740 881 uel
1787 816 1941 901 qnid
1990 818 2098 883 uel
2145 816 2379 900 quibus
2427 812 2802 896 obiciebant,

501 926 741 992 nefaria
776 926 1170 1009 separatione
1200 924 1645 1007 discinderent,
1689 923 1858 1007 quod
1895 942 2018 988 non
2056 923 2131 988 fit
2167 924 2291 989 nisi
2328 927 2439 990 aut
2475 923 2803 993 simultate

501 1033 752 1115 priuata
812 1032 1031 1116 potius
1086 1051 1277 1115 quam
1336 1031 1617 1097 utilitate
1675 1030 1997 1097 communi
2053 1034 2166 1095 aut
2217 1030 2330 1097 illo
2384 1030 2566 1109 uitio,
2632 1029 2803 1114 quod

501 1142 958 1221 consequenter
1005 1137 1356 1222 Cyprianus
1410 1138 1550 1222 ipse
1597 1140 1968 1202 conumerat
2023 1136 2484 1219 uitandumque
2531 1156 2804 1203 comme·

501 1249 724 1312 morat.
781 1265 926 1310 nam
976 1264 1120 1310 cum
1176 1245 1612 1330 praecepisset
1664 1247 1924 1329 propter
1968 1242 2227 1323 zizania,
2285 1262 2446 1326 quae
2490 1243 2576 1308 in·
2603 1244 2802 1308 eccle-

502 1352 600 1416 sia
662 1354 1024 1427 cernuntur,
1088 1370 1212 1417 non
1278 1369 1421 1417 esse
1487 1350 1822 1416 ecclesiam
1890 1349 2319 1427 deserendam,
2383 1349 2675 1432 sequitur
2739 1353 2805 1414 et

501 1457 821 1544 adiungit:
870 1456 1091 1522 ‘Nobis
1140 1460 1391 1522 tantum
1438 1456 1625 1521 modo
1672 1455 2087 1522 laborandum
2127 1457 2246 1533 est,
2295 1458 2368 1519 ut
2411 1456 2800 1525 frumentum

501 1583 644 1630 esse
686 1565 1034 1648 possimus,
1083 1567 1176 1628 ut.
1225 1582 1373 1629 cum
1419 1562 1702 1645 coeperit
1745 1561 2132 1626 frumentum
2175 1560 2510 1626 dominicis
2559 1561 2800 1627 horreis

500 1670 707 1748 condi,
752 1671 1032 1736 fructum
1070 1681 1183 1753 pro
1222 1688 1407 1753 opere
1454 1672 1669 1734 nostro
1710 1670 1776 1733 et
1818 1667 2036 1732 labore
2073 1668 2421 1750 capiamus.
2469 1666 2806 1751 apostolus

499 1776 561 1841 in
603 1777 884 1860 epistula
921 1795 1040 1842 sua
1076 1777 1260 1843 dicit:
1303 1777 1389 1842 In
1429 1775 1657 1841 domo
1698 1777 1966 1840 autem
2013 1794 2299 1860 magna
2344 1794 2491 1840 non
2540 1776 2795 1841 solum

502 1889 691 1949 sunt
739 1902 937 1949 uasa
982 1901 1226 1949 aurea
1272 1886 1351 1948 et
1396 1885 1790 1967 argentea
1838 1880 1978 1946 sed
2016 1885 2095 1947 et
2137 1882 2414 1967 lignea
2461 1886 2538 1947 et
2581 1881 2801 1947 ficti-

502 1990 611 2055 lia
676 1995 754 2056 et
810 1990 1199 2074 quaedam
1266 1989 1589 2073 quidem
1655 1989 2051 2054 honorata
2129 1988 2516 2071 quaedam
2581 1988 2800 2053 inho-

428 2122 457 2157 ,ἢ
500 2101 803 2163 notata.
842 2114 958 2161 nos
988 2115 1239 2179 operam
1279 2095 1504 2162 demus
1543 2099 1627 2177 et,
1668 2098 1977 2178 quantum
2013 2114 2380 2179 possumus,
2418 2095 2797 2171 laboremus,

498 2207 574 2268 ut
635 2222 751 2269 uas
817 2221 1078 2270 aureum
1146 2206 1212 2268 et
1275 2207 1647 2287 argenteum
1715 2202 1940 2268 simus.
2009 2206 2291 2267 ceterum
2357 2189 2602 2266 fictilia'
2643 2218 2802 2268 uasa

500 2310 892 2395 confringere
949 2308 1200 2374 domino
1262 2308 1384 2374 soli
1430 2308 1682 2374 licitum
1731 2311 1852 2386 est,
1909 2307 2016 2373 cui
2070 2311 2138 2373 et
2180 2309 2364 2393 uirga
2408 2308 2607 2372 ferrea
2653 2306 2801 2372 data

500 2418 617 2481 est.
677 2434 859 2481 esse
915 2434 1063 2480 non
1121 2417 1401 2499 potest
1448 2415 1700 2479 maior
1745 2413 2066 2481 domino
2124 2432 2267 2480 suo
2328 2433 2619 2479 seruus
2683 2432 2799 2479 nec

501 2522 837 2605 quisquam
895 2523 1041 2599 sibi,
1101 2521 1263 2605 quod
1317 2520 1441 2587 soli
1486 2519 1617 2587 filio
1664 2525 1846 2605 pater
1889 2521 2139 2599 tribuit,
2194 2519 2555 2596 uindicem,
2609 2523 2687 2587 ut
2730 2538 2798 2585 se

498 2633 683 2713 putet
755 2632 868 2694 aut
939 2628 1017 2694 ad
1094 2647 1300 2693 aream
1375 2626 1813 2694 uentilandam
1875 2632 1942 2693 et
2001 2627 2395 2713 purgandam
2459 2626 2666 2711 palam
2734 2629 2800 2691 et

676 2891 710 2943 9
748 2887 902 2960 Cypr.
943 2904 1024 2959 ep.
1067 2891 1153 2952 54,
1192 2889 1224 2941 3
1264 2905 1316 2958 p.
1356 2888 1480 2949 622,
1523 2861 1786 2952 17-623,
1830 2888 1896 2942 12
1935 2886 2018 2942 ed.
2059 2886 2295 2952 Hartel.;
2335 2889 2399 2941 el*⁴
2443 2889 2579 2957 Aug*
2611 2893 2795 2941 cantra

498 2974 748 3031 Crescon.
774 2976 916 3033 Don.
953 2975 1011 3031 11
1045 2978 1145 3041 433
1183 2977 1281 3042 483
1322 2980 1514 3031 contra
1540 2975 1813 3032 Gaudent.
1853 2975 1996 3030 Don.
2034 2975 2092 3030 11
2130 2977 2190 3038 33
2233 2975 2300 3030 14
2467 2977 2531 3029 12
2571 2977 2619 3029 ΙΙ
2659 2977 2795 3033 'Tim÷

497 3065 658 3130 2‚‘2o
798 3066 865 3120 18
900 3064 1020 3119 Iob.
1065 3066 1149 3131 13,
1192 3066 1283 3129 16;
1327 3066 1410 3125 15.
1448 3065 1547 3128 20;
1586 3065 1784 3120 nath.
1830 3065 1914 3128 10,
1953 3066 2024 3120 24
2150 3065 2221 3119 20
2257 3064 2455 3118 Martia
2495 3069 2543 3121 3.
2587 3069 2651 3117 12

570 3240 597 3293 1
638 3236 874 3309 dirigere
921 3237 977 3294 U
1003 3239 1315 3309 porrigente
1354 3255 1408 3292 m
1655 3239 1692 3292 2
1730 3239 2058 3293 extendente
2095 3255 2148 3293 m
2383 3245 2415 3293 fi
2455 3245 2791 3309 annumerat]

496 3329 895 3390 commemorat.
932 3328 997 3381 in
1030 3343 1200 3398 mary.
1240 3327 1329 3381 al‘r
1365 3330 1720 3382 connumerat
1762 3324 1817 3382 U
1931 3329 2335 3398 commemorat]
2379 3329 2719 3381 commenda-t
2751 3329 2799 3381 Ρ

497 3416 529 3470 7
569 3432 662 3485 pro
699 3416 907 3471 zizania
944 3420 1034 3482 (av
1073 3415 1178 3469 del.
1215 3414 1356 3479 uid.)
1394 3415 1451 3470 P
1487 3420 1708 3485 propter
1743 3415 2003 3471 zizaniam
2051 3414 2160 3471 ΥΠ
2176 3417 2290 3471 lar
2483 3417 2519 3469 Ξ
2559 3417 2795 3469 cernitur

496 3504 650 3558 codd.
674 3504 787 3560 1⁸2·
885 3504 918 3557 9
957 3501 1209 3573 adiungit
1243 3505 1311 3570 (it
1348 3520 1413 3558 ex
1450 3508 1614 3570 corr.)
1645 3505 1702 3558 P
1803 3504 1868 3558 10
1907 3517 2027 3559 cum
2065 3521 2168 3559 om.
2198 3503 2255 3558 P
2289 3504 2411 3558 dum
2451 3505 2511 3561 U
2603 3509 2659 3557 11
2699 3521 2795 3577 pm

497 3608 657 3662 opere
695 3595 754 3661 et
786 3592 973 3648 labore
1009 3596 1194 3646 nostro
1241 3591 1350 3646 VU
1386 3591 1508 3646 edd.
1624 3594 1690 3648 13
1726 3607 1860 3646 uasa
1897 3595 2030 3648 sunt
2070 3591 2235 3662 ΟΨ.
2263 3594 2403 3661 Auff-
2443 3601 2635 3645 ronfru
2671 3597 2795 3645 [Ψε-

493 3696 643 3737 scon.
674 3687 724 3735 et
750 3686 948 3736 contra
983 3680 1263 3737 Gaudent.
1373 3679 1471 3734 sed
1500 3680 1575 3750 et]
1606 3679 1702 3735 sed
1732 3680 1899 3735 etiam
1931 3679 1985 3736 U
2009 3696 2015 3701 ·
2055 3682 2121 3736 16
2153 3683 2231 3750 et]
2264 3685 2351 3735 uel
2371 3701 2423 3733 m
2459 3685 2619 3749 Cypr.
2651 3685 2791 3749 Aug.

495 3775 692 3823 contra
744 3769 1023 3824 Gaudent.
1247 3770 1311 3823 17
1361 3768 1464 3823 soli
1509 3770 1744 3840 licitum]
1794 3767 2067 3826 soh-stum
2116 3768 2262 3824 VUt
2296 3773 2589 3825 sollicitum
2627 3789 2655 3825 s
2691 3769 2791 3825 ‚soli

495 3874 808 3913 concessum
844 3873 947 3911 rm
979 3857 1140 3927 Cypr.
1168 3857 1313 3927 Any.
1352 3863 1550 3912 contra
1582 3857 1833 3913 Crescon.
1872 3862 1925 3911 'ct
1959 3863 2160 3913 contra
2194 3857 2471 3913 Gaudent.
2575 3861 2639 3913 ’ΞΗ
2671 3861 2791 3925 nael

494 3962 562 4000 ire
592 3946 647 4001 P
719 3947 784 4001 19
810 3946 927 4000 solo
966 3945 1016 4000 U
1120 3943 1398 4002 uindicare
1426 3946 1592 4016 Cypra
1618 3946 1763 4017 Any.-
1793 3952 1994 4001 contra
2024 3945 2275 4002 Orneon.
2305 3949 2379 4010 (u.
2407 3949 2439 4001 L
2475 3949 2795 4013 uindicaret}

495 4036 566 4090 20
603 4040 702 4090 aut
735 4051 837 4090 om.
877 4051 909 4088 r
1070 4034 1140 4090 ad
1176 4051 1280 4090 on.
1332 4034 1439 4090 VU
1458 4035 1522 4089 Is
1684 4035 1896 4106 paleam
1932 4034 2090 4091 codd.
2130 4034 2197 4091 1⁸
2339 4045 2395 4089 et
2435 4037 2791 4089 unntilnhtum

495 4142 596 4179 om.
652 4124 928 4194 Cypriani
981 4122 1133 4178 codd.
1187 4130 1417 4193 praeter
1472 4124 1866 4192 antiquissima
1910 4123 2239 4194 framenta
2282 4125 2603 4189 Ennia-asin,
2655 4141 2799 4193 quus

494 4212 861 4268 uentitabrum
910 4219 1034 4277 (om.
1075 4217 1153 4276 et)
1190 4213 1423 4279 habunt,-
1460 4212 1550 4266 uel
1596 4212 1962 4266 uentilabrum
2007 4214 2154 4283 Aug.
2201 4218 2395 4267 comm
2447 4213 2695 4267 Ηνεεῡῡη.
2747 4221 2795 4265 et

498 4306 692 4357 contra
733 4300 1015 4356 Gaudent.
