3309 4867
600 418 864 487 epistularum
893 415 989 474 CVIII.
1302 424 1366 487 615

212 629 305 695 quem
329 611 399 700 ipse
422 610 507 695 apud
530 629 589 676 uos
608 613 782 695 acceperat,
801 610 858 678 sed
878 613 974 679 etiam
994 633 1089 698 quern
1108 613 1180 681 aliis
1201 619 1286 681 extra
1304 634 1365 680 uua
1448 637 1453 650 ·

213 717 532 796 immurmurent,
563 717 634 801 ipso
664 721 804 784 eorreeto
833 718 954 786 uiolare
982 739 1044 788 nun
1073 721 1145 789 anai
1174 726 1259 800 sunt,
1289 722 1365 805 quia
1434 777 1436 780 .

210 826 334 910 regium
358 827 587 910 cognorerunt.
616 823 655 890 de
682 825 743 890 hou
767 843 877 892 eorum
905 827 990 893 iaetu
1014 832 1081 894 tam
1110 828 1195 894 bonu
1222 827 1363 893 iudicare

210 950 271 996 non
304 932 366 1009 uis,
404 931 462 997 nbi
493 950 548 997 eoa
580 931 711 997 deberes
749 931 956 998 laudabiliter
986 934 1117 1013 imitari,
1155 937 1190 1000 st
1220 933 1362 1017 sequaris
1397 959 1400 972 ¹

177 1064 191 1100 s
210 1038 365 1104 iudicium
384 1057 503 1118 eurum,
527 1038 558 1103 iu
578 1057 641 1123 que
664 1042 824 1105 merentur
848 1039 887 1105 ab
908 1041 1056 1107 omnibus
1080 1040 1243 1108 detestari.
1266 1039 1363 1106 times

210 1145 249 1211 de
272 1145 432 1213 Primiano
460 1145 612 1224 iudicare,
641 1164 679 1210 ne
703 1145 826 1231 cogaris
851 1145 973 1225 audine,
1001 1146 1085 1230 quod
1109 1146 1235 1232 uulpem
1261 1146 1362 1211 immo

210 1270 285 1318 uene
313 1252 421 1318 indica
442 1254 478 1317 et
500 1251 567 1317 illia
587 1253 694 1337 magis
717 1252 845 1333 poteris.
862 1253 1014 1333 inuenire,
1038 1252 1125 1336 quud
1147 1253 1271 1322 laudes.
1299 1272 1361 1318 nen

209 1359 304 1436 enim,
328 1358 414 1442 quud
437 1358 520 1424 male
543 1358 621 1424 iecit
638 1358 829 1435 Primanus,
854 1361 886 1425 te
905 1359 1069 1435 uuluinnus
1093 1367 1280 1436 memorant,
1305 1359 1361 1425 sed

209 1466 293 1548 quod
317 1466 436 1549 optime
458 1465 545 1543 teuit,
564 1465 619 1549 qui
641 1466 674 1531 in
697 1465 922 1549 suscipiendis,
942 1484 1024 1550 quus
1048 1466 1119 1532 aius
1142 1463 1307 1532 damnatur
1328 1465 1360 1530 iu

164 1597 190 1635 ιο
209 1573 406 1657 separatione
425 1572 674 1640 sceleratissima
691 1571 922 1653 baptizamus,
946 1592 1081 1646 errorem
1105 1573 1271 1638 huminum
1294 1591 1359 1638 uer·

208 1680 297 1745 rexit.
333 1699 395 1746 nun
432 1679 483 1745 dai
519 1682 716 1745 sauramenta
753 1677 919 1758 destruxit
956 1679 1073 1745 henum
1107 1678 1227 1745 Christi
1259 1684 1291 1746 et
1326 1680 1358 1744 in

125 1859 129 1866 ,
208 1785 391 1853 huminibus
428 1787 578 1871 malignis
615 1786 758 1870 agnouit,
796 1786 918 1851 malum
955 1790 1062 1852 antem
1100 1786 1266 1851 huminum
1298 1805 1358 1851 non

207 1892 328 1959 rriulata
353 1891 473 1958 Christi
503 1893 585 1958 beno
609 1891 802 1957 emendauit.
832 1896 889 1957 aut
916 1893 945 1958 si
971 1892 1033 1959 buu
1059 1893 1182 1958 iactum
1210 1891 1359 1977 displicet

206 1998 276 2076 tibi,
308 1997 389 2063 illud
418 1997 533 2064 saltem
560 1998 706 2077 adtende,
738 1998 819 2064 illud
841 2017 904 2082 -pru
932 2003 989 2064 tuu
1015 1998 1099 2064 bono
1126 1998 1254 2082 ingenie
1282 2017 1356 2082 pru·

162 2127 189 2168 rs
207 2103 318 2171 deuter
344 2105 485 2184 aduerte,
514 2106 592 2189 quia
616 2124 714 2170 unum
739 2104 936 2170 Primianum
963 2095 1025 2170 nun
1052 2104 1177 2171 inuisas
1201 2105 1239 2170 de
1262 2104 1356 2170 iactis

205 2211 286 2293 ipsis
313 2211 463 2278 Primiaui
493 2217 526 2278 et
552 2213 659 2279 urbam
689 2209 905 2278 Christianum
939 2211 1061 2278 iudicas
1089 2211 1127 2277 de
1159 2210 1252 2277 iestis
1280 2210 1356 2277 an-

206 2318 322 2385 eitiaui.
350 2318 457 2396 times,
486 2338 524 2386 ne
547 2323 580 2384 te
606 2321 741 2404 polluat,
770 2319 798 2383 si
827 2319 966 2396 noueris,
994 2318 1080 2402 quod
1107 2317 1266 2383 uindicare
1293 2337 1354 2381 nen

206 2424 337 2501 audeam
366 2425 499 2493 absolue
523 2445 597 2511 ergo
627 2431 748 2511 gentes,
777 2444 858 2509 quae
881 2444 939 2491 nee
961 2441 1056 2493 nosse
1084 2428 1241 2509 poteraut,
1270 2424 1354 2508 quud

204 2548 347 2597 aeeuaas.

110 2633 133 2695 5
157 2660 185 2699 ro
248 2635 316 2703 Nee
338 2641 444 2703 tannen
467 2637 548 2702 illud
572 2637 666 2702 unius
689 2637 843 2704 Primiani
865 2637 988 2703 iactum
1011 2641 1075 2715 est3
1100 2638 1175 2715 acia,
1200 2637 1231 2702 in
1256 2656 1352 2719 quau·

202 2746 272 2808 tum
304 2745 425 2828 opinor,
465 2749 498 2811 et
533 2749 584 2810 tu:
622 2748 750 2811 centum
782 2743 881 2810 ferme
913 2744 1054 2828 episcopi
1086 2743 1189 2810 uestri
1215 2743 1351 2808 iactans

201 2848 375 2915 damnabili
408 2869 481 2916 eum
514 2850 705 2916 Maximiano
738 2852 956 2935 conspirantes
989 2850 1059 2917 ausi
1078 2847 1173 2916 'sunt
1205 2848 1351 2915 damnare

201 2954 398 3022 Primianum
430 2961 463 3022 et
494 2960 708 3022 trecentemnn
741 2955 852 3023 desem
885 2957 1055 3042 Bagaiansi
1088 2956 1233 3031 senatis,
1266 2955 1351 3018 sieut

200 3061 318 3128 decreti
351 3063 419 3129 eius
449 3063 547 3129 uerba
572 3066 753 3147 personant,
789 3064 1027 3130 ‘Maximianum
1065 3062 1150 3138 fidei!
1176 3062 1348 3134 aemulum,

153 3169 345 3233 seueritatis
373 3168 565 3248 adultarum,
593 3168 747 3234 seplasiae
769 3169 882 3235 matris
905 3168 1080 3246 inimicum,
1108 3166 1245 3245 Dathan,
1270 3164 1349 3232 Cure

199 3277 233 3339 et
268 3274 386 3340 Abiron
423 3276 617 3349 ministrum,
655 3274 693 3340 de
729 3275 818 3359 panis
857 3276 978 3359 gremio
1015 3275 1190 3341 sententiae
1227 3261 1348 3338 fulmen

199 3381 360 3445 emussit‘.
393 3382 468 3447 huie
500 3382 554 3448 alii
587 3366 766 3459 duodecim,
799 3382 855 3464 qui
889 3381 957 3446 eius
990 3379 1189 3459 ordinationi,
1222 3379 1347 3462 quaudo

198 3491 309 3552 eontra
329 3486 527 3554 Primiauum
554 3489 682 3554 leuatus
710 3491 770 3564 sat,
798 3488 1016 3564 interfuerant,
1043 3506 1107 3554 nun
1135 3487 1234 3553 dilata
1260 3484 1347 3552 dem-

285 3731 391 3785 ‘24-2'1
411 3731 481 3802 Aug.
499 3734 594 3786 eontra
613 3730 739 3787 Crassum
757 3731 829 3786 Duu.
849 3730 891 3786 ΙΙΙ
910 3733 958 3798 22;
977 3734 1025 3798 243
1045 3733 1093 3797 59;
1112 3730 1152 3786 IV
1171 3732 1200 3792 2:
1220 3733 1250 3796 5;
1269 3730 1304 3787 38

233 3869 360 3941 letiam]
381 3877 410 3926 et
427 3871 488 3927 edd.
535 3872 707 3927 ‘tuarumP
747 3872 911 3927 8uolunnus
930 3871 1052 3928 vvere.
1099 3869 1348 3942 9quoalquud1’

198 3958 231 4014 18
250 3959 352 4015 uitiata
366 3959 394 4014 P
434 3963 468 4017 14
485 3977 535 4031 pru
553 3961 624 4016 tuna
642 3965 690 4016 tun
708 3961 820 4032 ingenia
845 3960 872 4014 V
887 3959 947 4018 edd.
966 3977 1015 4031 pru
1033 3961 1106 4016 bene
1124 3960 1235 4030 iugenio
1253 3963 1301 4014 tao
1320 3959 1347 4011 1'

198 4046 231 4101 lt
249 4046 335 4117 ipsius
358 4046 385 4103 U
391 4064 418 4101 m
516 4049 551 4104 28
569 4048 702 4119 priamum
726 4047 753 4100 V
822 4047 965 4118 napsienai
983 4047 1063 4104 cedd.
1082 4047 1142 4104 add.
1164 4051 1191 4114 (r
1207 4049 1239 4101 in
1256 4063 1343 4118 usurp.

196 4135 232 4189 at.
251 4133 410 4205 Bagatensi)
465 4137 500 4192 25
519 4135 602 4208 ‹iathp
621 4140 701 4208 ehorp
720 4136 748 4190 P
764 4134 848 4192 datho
867 4137 948 4193 ebore
971 4136 998 4191 V
1013 4137 1122 4192 Datbae
1141 4137 1185 4201 (irs
1200 4152 1288 4206 usurp,
1308 4137 1343 4192 sl.

194 4221 316 4288 Dathau)
334 4223 440 4281 chorae
459 4225 530 4294 tar;
547 4225 583 4294 ef.
597 4243 628 4295 p.
651 4228 719 4292 625,
741 4229 758 4280 4
831 4225 866 4280 26
885 4225 978 4280 abires
1002 4225 1028 4280 V
1097 4226 1134 4280 at
1153 4225 1218 4280 hina
1239 4224 1266 4280 U
1281 4224 1342 4279 edd.

193 4311 454 4368 minuissent?
