3309 4867
268 467 333 530 348
541 487 543 493 ·
623 465 652 519 S.
680 463 817 516 Aureli
847 460 1064 531 Augustini
1095 466 1098 472 “

269 660 398 724 uberius
427 658 569 724 habitare
597 660 700 745 gnatia
727 658 791 723 oris
820 657 878 731 tui.
903 659 941 726 ai.
970 678 1044 724 cum
1068 660 1201 726 dixisses
1211 643 1270 724 ‘ica
1293 662 1324 723 te
1347 658 1416 734 illo,

269 785 331 849 quo
364 765 500 831 feliciter
534 767 641 842 uteris,
669 767 741 831 loco
769 783 970 847 perseuerare
999 765 1189 846 decreuisse,
1218 746 1317 839 utsoi
1340 765 1418 848 qnid

157 893 160 898 ‘
268 873 306 937 de
329 878 361 937 te
385 871 473 939 aliud
496 873 622 939 domino
646 873 812 957 placuerit,
837 872 906 938 eine
930 874 1127 938 uoluntatem
1149 871 1307 955 praeferas
1331 877 1415 937 tuae.

268 979 300 1042 id
324 979 429 1062 ipsum
453 979 613 1063 aliquanto
632 981 778 1070 apertius
802 978 986 1061 explicares,
1016 996 1150 1061 quonam
1181 977 1275 1043 modo
1304 979 1412 1043 nolun-

266 1087 365 1151 tatem
390 1085 450 1162 dei,
473 1105 553 1168 qnae
577 1090 703 1151 nostiae
727 1085 887 1151 uoluntati
906 1084 1124 1168 praeponenda
1142 1088 1202 1160 est,
1221 1084 1413 1158 nouerimn'a
1447 1104 1462 1142 a

267 1196 376 1257 ulrum
408 1196 533 1257 tuntum
566 1193 598 1258 in
631 1212 668 1257 ea
700 1212 744 1270 re,
778 1211 874 1275 quem
906 1194 1071 1275 propterea
1102 1190 1248 1257 uolentes
1278 1191 1414 1274 perterre

267 1299 429 1378 debemus,
458 1299 534 1382 quia
560 1303 593 1364 et
619 1299 714 1365 inuiti
742 1285 929 1384 cogeremur
949 1336 993 1346 -
1017 1298 1065 1362 ibi
1091 1298 1175 1362 enim
1207 1298 1244 1363 fit
1275 1297 1413 1380 quidem.

267 1406 352 1487 qnod
384 1406 544 1483 nolumus,
577 1406 633 1470 sed
664 1405 736 1472 ideo
769 1424 826 1470 nos
859 1406 1059 1490 corrigimuo.
1093 1409 1131 1469 nt
1161 1405 1308 1484 uelimus,
1340 1404 1411 1486 quia

266 1512 321 1578 ille
349 1514 430 1588 uult,
460 1511 552 1576 cuins
580 1512 757 1577 uoluntatis
785 1529 843 1576 nec
870 1512 1088 1578 excellentiam
1116 1512 1165 1577 fae
1193 1514 1243 1577 est
1269 1529 1413 1576 recusare

267 1636 324 1682 nec
347 1619 608 1703 omnipotentiam
631 1619 709 1683 licet
731 1619 861 1693 enitare,
885 1619 972 1685 sicut
993 1620 1123 1684 Petrum
1152 1619 1232 1684 nlter
1259 1615 1355 1683 cinxit
1380 1621 1413 1682 et
1433 1642 1460 1678 lo

267 1724 352 1801 tulit,
376 1741 439 1807 quo
463 1724 621 1799 noluerat3
647 1728 897 1802 cerumtamen,
922 1744 985 1807 quo
1010 1726 1118 1802 nollet,
1140 1725 1189 1799 iit,
1218 1723 1274 1789 eed
1301 1724 1412 1788 uolens

267 1836 400 1896 mortem
429 1830 558 1915 subegit
585 1851 727 1915 asperam
752 1851 857 1896 -an
887 1835 919 1896 et
946 1831 1002 1908 ibi,
1030 1832 1086 1896 ubi
1114 1835 1165 1896 ent
1186 1833 1329 1913 potestas
1352 1849 1412 1895 non

266 1941 389 2001 mutare
422 1938 622 2017 sententium,
655 1938 802 2021 quamuis
837 1936 923 2002 uliud
956 1940 1109 2004 occurrat.
1143 1938 1173 2001 in
1207 1957 1270 2020 quo
1307 1925 1413 2019 potins

266 2046 416 2127 appareat
436 2044 585 2109 noluntas
609 2042 660 2109 dei
684 2043 722 2108 ed
745 2043 930 2110 mutandam
954 2043 1144 2109 sententiam
1172 2064 1229 2109 nos
1257 2043 1412 2112 uocantis,

266 2168 326 2215 non
356 2148 431 2232 quia
458 2152 565 2214 nostra
594 2150 678 2214 mala
706 2154 783 2228 erat,
812 2149 869 2215 sed
896 2150 927 2214 in
956 2169 1018 2231 qna
1050 2153 1135 2214 recte
1167 2152 1411 2233 permaneretur.
1433 2172 1459 2211 ιι

266 2256 327 2321 nini
359 2256 397 2321 ab
430 2255 486 2320 illo
518 2256 550 2321 in
583 2257 713 2322 alteram
742 2274 936 2321 uocaremnr.
969 2276 1069 2338 noque
1097 2257 1189 2321 enim·
1208 2256 1327 2320 malum
1350 2254 1412 2319 fuit

264 2362 409 2428 Abrahae
438 2363 556 2427 nutrire
594 2367 626 2428 et
653 2362 787 2428 educare
823 2363 936 2440 filium,
975 2362 1078 2446 quoad
1105 2370 1226 2447 poscet,
1259 2364 1409 2445 quantum

264 2470 295 2532 in
319 2470 389 2552 ipso
413 2473 510 2548 esent,
534 2488 636 2552 usque
660 2470 699 2535 ad
723 2470 817 2534 finem
840 2470 928 2534 uitae
952 2488 1039 2547 eune,
1064 2469 1119 2534 eod
1146 2472 1274 2563 repente
1304 2470 1411 2533 insons

265 2574 407 2642 occidere
439 2578 579 2642 mutauit
609 2577 722 2659 nitique
754 2596 815 2642 non
848 2578 936 2658 prius
968 2577 1084 2642 malam
1118 2577 1318 2648 sententiam.
1355 2577 1409 2640 aed

266 2700 345 2764 quae
368 2682 451 2764 mala
468 2686 571 2762 esset,
595 2683 622 2748 si
645 2687 720 2767 post
741 2683 867 2747 iussum
891 2686 1015 2747 mutata
1037 2702 1098 2748 non
1122 2686 1219 2749 esset.
1244 2682 1316 2747 hinc
1336 2701 1410 2765 qno·
1430 2703 1458 2742 ro

266 2808 327 2870 que
351 2806 411 2853 non
435 2787 547 2854 dubito
571 2789 651 2854 nihil
675 2789 762 2854 aliud
786 2788 979 2854 uideritibi.

221 2903 241 2963 3
311 2894 373 2961 Sed
395 2895 582 2979 plerumque
605 2917 665 2963 non
690 2915 770 2962 uoce
794 2902 833 2962 de
856 2897 956 2974 caelo,
980 2915 1041 2962 uon
1060 2916 1116 2980 per·
1133 2896 1330 2980 proplietam,
1349 2915 1410 2960 non

265 3021 321 3085 per
343 3001 569 3068 reuelationem
592 3004 645 3069 uel
669 3003 783 3069 oomnii
806 3005 858 3068 uel
883 3003 1031 3068 emensus
1051 3003 1177 3080 mentio,
1197 3002 1413 3083 qnnessdieicnr

357 3194 389 3247 ιο
408 3194 467 3247 ιοι.
487 3196 530 3257 21,
553 3195 655 3248 ιιι-ιι
712 3196 745 3249 ιι
765 3193 832 3248 cen.
852 3194 896 3260 ιι,
917 3194 1004 3248 ι-ιο

303 3299 464 3354 lhabitere
487 3299 628 3354 nobiscnm
650 3301 740 3370 gratie
758 3300 794 3353 P¹
885 3300 926 3368 te]
949 3298 983 3353 de
1001 3302 1027 3353 A
1118 3299 1178 3369 illo]
1198 3299 1292 3353 inille
1311 3298 1411 3354 FP¹m

266 3389 366 3459 2qno]
386 3404 455 3459 quoe
473 3389 501 3443 P
539 3389 703 3460 lquonum]
723 3396 787 3458 quun
805 3388 836 3443 F
851 3396 896 3457 qm
915 3388 949 3462 A¹
982 3387 1281 3443 5ιιιι1ιιιιιιιτὶοιιιιΡι
1334 3403 1410 3457 prae·

233 3477 235 3479 ’
265 3476 376 3532 ferenda
393 3476 431 3531 P¹
503 3477 694 3533 lluolontotee
712 3477 829 3548 perferre
848 3476 931 3533 PAR
950 3481 1025 3545 (Μ
1043 3476 1168 3531 uolentes
1185 3476 1314 3547 perterre)
1333 3492 1411 3547 prae·

266 3565 336 3620 ferre
354 3567 423 3634 oef
436 3566 573 3622 uoluntati
590 3567 726 3637 praeferre
743 3567 827 3628 P¹lr
880 3568 898 3621 8
916 3566 1040 3620 uolumus
1059 3565 1119 3621 edel.
1133 3569 1282 3635 praetem
1353 3581 1410 3619 cor-

266 3655 387 3727 rigimus,
403 3673 492 3726 cupro
510 3657 578 3727 oilli:
597 3664 640 3724 (m.
653 3656 705 3721 19)
724 3658 738 3711 l
756 3657 966 3726 constringimus
985 3656 1022 3709 Ρι
1045 3656 1168 3725 cogimur
1189 3654 1250 3708 edd.
1264 3659 1411 3722 praecem

144 3809 148 3816 ἱ
221 3747 300 3802 ,ll
321 3746 576 3814 quo-(ueras.)P
633 3746 844 3817 qooolderue.)
865 3744 893 3799 P
962 3745 1046 3799 iitin
1059 3743 1120 3813 fine
1136 3742 1279 3800 u.om.R
1350 3741 1410 3811 sed]

267 3838 330 3890 mm
400 3833 592 3892 noleneFAB
657 3837 689 3890 12
708 3835 825 3904 subeget
842 3835 869 3890 A
941 3851 1036 3903 nepeta
1054 3837 1148 3888 menet
1165 3833 1204 3887 ibi
1222 3831 1316 3888 FAP¹
1334 3847 1411 3901 anpe-

267 3939 375 3979 rumne
394 3923 432 3977 ibi
451 3924 479 3977 P
533 3925 565 3977 14
584 3923 713 3978 uolunta·
733 3923 777 3977 dei
795 3925 926 3993 appareat
943 3921 981 3975 P¹
1050 3920 1085 3975 acl
1103 3918 1263 3974 imitandam
1281 3919 1309 3974 Β
1362 3935 1411 3973 uo·

269 4006 361 4068 center
380 4011 411 4067 P
500 4016 532 4067 15
550 4013 623 4067 ιιιιιΙιι
640 4015 735 4066 nostra
751 4011 780 4067 R
869 4015 1041 4083 permaneret
1057 4009 1095 4063 P¹
1183 4009 1216 4063 16
1235 4008 1263 4062 in
1283 4008 1368 4062 altera
1385 4006 1413 4060 P

270 4106 302 4158 17
322 4121 392 4174 quoe
410 4102 440 4157 F
456 4118 509 4174 quo
528 4105 554 4157 A
621 4102 709 4173 poenit
726 4103 754 4156 A
787 4105 947 4180 'quantum
967 4101 1073 4171 inipso
1093 4095 1294 4167 eseeteaep.F
1334 4097 1411 4152 2001

267 4193 359 4264 potius
369 4183 527 4247 submutate
535 4191 619 4246 PAR
629 4192 681 4245 oei
697 4192 788 4260 potine
800 4191 804 4260 l
815 4192 854 4244 ric
864 4190 885 4254 (i
895 4207 928 4248 ee
938 4207 955 4243 n
964 4191 1051 4258 scoto
1064 4188 1122 4243 uid.
1129 4209 1139 4256 ;
1151 4204 1211 4244 cce
1223 4202 1280 4243 rue.
1295 4192 1321 4241 et
1329 4187 1411 4254 corr.)

268 4284 374 4335 mutata
385 4281 423 4335 Ρί
437 4282 462 4334 ei
475 4280 628 4351 potioribus
642 4282 748 4340 mutatu
767 4282 807 4347 es
820 4280 913 4349 potine
931 4279 956 4332 ai
973 4282 1081 4332 mutata
1099 4279 1133 4332 ἰν
1168 4278 1201 4331 21
1218 4276 1318 4331 uiderit
1331 4274 1359 4329 P
1370 4274 1412 4328 ui·

268 4368 331 4423 dere
346 4369 400 4423 FA
436 4370 471 4423 23
490 4385 615 4423 excusans
630 4370 656 4422 A
712 4368 851 4436 mentieq;,
869 4367 1107 4437 tumentiaque
1122 4366 1150 4421 R
1167 4365 1267 4420 mentio
1285 4365 1332 4433 qui
1350 4361 1411 4422 edo.
