3309 4867
351 426 415 490 684
720 424 747 477 S.
776 423 913 478 Aureli
940 423 1158 492 Augustini

350 615 445 682 ritntc
480 615 660 701 praeditum
690 636 752 694 non
788 619 862 683 fuit.
899 621 1024 702 tentum
1055 617 1138 683 illud
1169 617 1313 697 adtende,
1345 618 1501 701 quonium

351 723 443 789 Plato
471 742 490 787 n
513 721 662 789 Cicerone
688 724 801 790 multis
829 725 933 792 modis
960 725 1160 809 apertissime
1184 724 1362 806 ostenditur
1388 724 1422 789 in
1449 739 1502 788 au·

351 828 471 912 pientio
498 849 558 896 non
586 829 724 896 bumana
751 831 809 896 aed
832 832 925 915 plane
948 831 1057 897 diuino
1094 831 1178 896 unde
1199 831 1338 897 hnmana
1360 829 1502 912 quodum
1627 813 1631 822 ’

352 934 446 1002 modo
465 935 699 1016 accenderetur,
720 937 753 1003 in
776 938 833 1003 ille
850 938 967 1022 vntique
990 936 1146 1020 sepientis
1167 954 1296 1021 prorsus
1317 936 1503 1002 inmutabili

352 1045 448 1124 atque
475 1041 585 1109 eodem
617 1043 711 1110 modo
744 1063 870 1127 semper
900 1064 936 1110 ss
967 1044 1103 1110 habente
1132 1044 1264 1109 uemute
1292 1041 1504 1110 constituisse
1533 1064 1547 1106 a

353 1151 386 1212 et
420 1146 515 1213 tinem
553 1149 627 1215 boni
664 1152 696 1215 et
732 1168 846 1217 causas
884 1171 989 1217 rernm
1029 1154 1061 1216 et
1097 1149 1304 1217 ratiocinandi
1338 1147 1503 1226 nonnam,

353 1256 555 1339 oppugnatos
582 1259 689 1321 nutem
717 1276 788 1323 esse
815 1257 941 1322 nomine
963 1257 1191 1340 Epicureorum
1220 1260 1253 1323 et
1274 1255 1455 1326 Stoicorum
1484 1271 1506 1318 u

352 1360 526 1442 Platonicis
549 1380 615 1440 eos,
639 1362 694 1446 qui
720 1363 754 1429 in
777 1364 917 1447 corporis
946 1364 998 1429 uel
1025 1364 1057 1428 in
1086 1364 1183 1428 animi
1210 1365 1323 1428 nature
1347 1363 1504 1444 ponerent

354 1469 388 1533 et
417 1467 513 1533 finem
544 1469 619 1552 boni
647 1470 680 1535 et
707 1489 820 1546 causus
852 1489 957 1535 rernm
985 1475 1018 1535 et
1043 1468 1249 1535 ratiocinandi
1277 1468 1435 1542 fiduciam.
1464 1485 1504 1531 eo

353 1593 419 1638 rem
456 1574 658 1641 successione
690 1580 870 1660 tempomm
903 1595 974 1642 esse
1006 1576 1202 1654 dunelmum,
1234 1580 1273 1640 nt
1304 1574 1505 1641 Christianae
1523 1595 1549 1633 ιι

353 1682 417 1746 iam
439 1682 554 1746 aetatis
572 1682 707 1758 exordio,
732 1695 930 1748 cumrerum
952 1683 1164 1749 inuisibilinm
1187 1687 1282 1766 utque
1306 1685 1504 1746 antemnam

354 1787 432 1856 fides
454 1807 511 1871 per
527 1787 671 1854 nisibilia
687 1789 841 1855 miracula
863 1790 1033 1855 salubriter
1054 1789 1288 1873 praediceretur
1308 1784 1504 1862 hominibus,

355 1895 409 1978 qui
437 1913 494 1959 nec
523 1894 630 1960 uidere
653 1914 711 1962 neo
734 1896 875 1981 cogitare
904 1896 1025 1981 nliqnid
1046 1900 1171 1978 praeter
1193 1914 1325 1979 corpora
1346 1896 1504 1977 poterant,

354 2001 447 2072 beato
470 2001 744 2083 apostoloruum,
767 2003 824 2087 qni
847 2001 978 2068 eandem
1000 2002 1094 2067 fidem
1119 2001 1267 2087 gentibus
1293 1999 1506 2084 praesemina·

355 2107 419 2182 bat,
446 2105 530 2172 idem
553 2107 617 2190 ipsi
631 2108 786 2192 'Epicurei
809 2111 843 2173 et
865 2108 966 2174 Stoici
987 2109 1019 2173 in
1043 2107 1168 2174 actibus
1189 2092 1408 2192 apostolorum
1429 2124 1549 2171 con-1⁵

279 2235 292 2256 ι
356 2213 522 2278 tredixisse
544 2213 756 2280 inueniuntur.

302 2324 343 2386 21
400 2317 470 2394 Quo
500 2319 532 2384 in
560 2339 593 2384 re
626 2322 705 2390 satis
737 2321 816 2387 mihi
850 2321 978 2386 uidetur
1004 2333 1076 2387 ense
1104 2320 1356 2386 demonstratum
1383 2335 1506 2385 errores

356 2426 497 2511 gentium
517 2426 587 2490 siue
606 2425 805 2493 demonibus
828 2426 899 2493 aine
917 2427 956 2491 de
978 2431 1092 2493 natura
1109 2446 1214 2493 rerum
1238 2426 1308 2492 siue
1326 2425 1365 2490 de
1382 2425 1506 2490 ratione

356 2531 595 2615 inuestigeudee
619 2534 774 2610 ueritatis,
798 2533 853 2616 qui
872 2531 1020 2617 quamuis
1039 2536 1147 2599 essent
1167 2532 1262 2598 multi
1281 2536 1375 2615 etque
1398 2529 1507 2596 multi·

356 2639 468 2723 plinus,
495 2638 528 2703 in
557 2635 608 2715 his
631 2642 742 2705 tamen.
764 2640 899 2705 maxime
924 2639 1047 2706 duabus
1076 2636 1175 2705 sectis
1198 2638 1388 2716 eminebant,
1411 2654 1507 2719 expu-
1524 2653 1551 2696 ιι

358 2745 528 2829 gnontibua
557 2745 659 2812 doctis
691 2749 725 2812 et
754 2751 845 2814 tonte
876 2745 1050 2813 disserendi
1082 2746 1262 2811 subtilitate
1293 2748 1388 2829 utque
1416 2741 1507 2826 copia

359 2851 618 2918 subuertentibus
650 2851 782 2918 dnmsse
813 2856 920 2919 tomen
952 2871 1055 2936 usque
1087 2851 1124 2916 in·
1150 2854 1293 2935 tempora
1319 2850 1509 2918 Christiana

278 2982 280 2986 ¹
360 2981 439 3045 quos
467 2962 531 3027 iam
555 2963 639 3024 certe
662 2963 770 3028 nostm
794 2963 899 3025 aetate
922 2959 968 3025 sic
992 2958 1194 3026 obmutuisse
1218 2957 1442 3042 conspicimus,
1469 2961 1509 3022 nt

359 3070 412 3142 uix
447 3068 511 3132 ium
544 3067 576 3132 io
613 3066 733 3136 scholis
764 3066 927 3131 rhetorum
959 3069 1226 3132 commemoretur
1257 3069 1393 3142 tantum,
1425 3082 1508 3148 quae

359 3175 477 3244 inerint
498 3174 628 3239 illorum
652 3173 838 3250 sententiae,
859 3172 1036 3254 certamina
1048 3175 1156 3236 tannen
1175 3171 1270 3238 etiem
1290 3170 1329 3236 de
1350 3171 1511 3254 loquacis·
1525 3187 1552 3227 a

360 3281 450 3346 simis
479 3278 672 3346 Graecorum
705 3279 880 3365 gymnasiis
908 3278 1065 3344 eradicata
1096 3281 1192 3361 etque
1221 3293 1401 3359 compresse
1431 3276 1509 3352 aiut,

384 3595 387 3601 ι
450 3525 467 3578 3
486 3523 519 3579 ci.
539 3523 596 3580 Cic.
616 3521 649 3578 de
668 3523 712 3577 fin.
731 3523 756 3578 V
775 3524 817 3588 15,
836 3525 872 3579 43
929 3523 962 3577 14
980 3521 1040 3579 nec.
1061 3523 1103 3584 17,
1124 3522 1157 3576 18

398 3702 414 3755 3
438 3681 641 3754 sed-hnmana
662 3716 713 3754 eoi.
732 3699 761 3755 A
868 3700 887 3753 4
910 3696 1083 3753 accederetur
1099 3695 1190 3751 ΜΔΕ
1214 3698 1290 3762 (Μ
1308 3691 1511 3761 accenderetur)

362 3789 573 3856 bgueritnteml
666 3787 859 3844 trationnudi
878 3787 932 3842 PV
1024 3782 1393 3856 ioppugnrtos-llduciam
1410 3797 1467 3835 on.
1482 3781 1510 3834 A

362 3877 553 3934 trationandi
571 3877 629 3950 ΙΨ
710 3893 742 3931 eo
760 3879 829 3946 rem]
849 3873 1118 3942 eoranAPPW
1206 3874 1235 3927 ll
1256 3873 1320 3937 iem,
1337 3885 1406 3926 corr.
1425 3887 1460 3924 rra
1478 3876 1511 3924 er

362 3969 421 4030 uid.
440 3973 460 4023 2
478 3969 562 4024 etiarn
580 3967 618 4021 Ρι
636 3968 718 4022 etiarn
737 3964 797 4020 PV
868 3967 901 4019 12
920 3962 1084 4033 bominibus]
1102 3964 1131 4017 in
1151 3961 1277 4016 omnibns
1295 3961 1322 4015 A
1340 3959 1374 4013 ab
1392 3958 1510 4013 bonini·

365 4058 414 4114 bus
432 4057 460 4113 R
515 4059 547 4113 13
566 4060 675 4128 preater
692 4071 752 4121 occ,
770 4056 802 4109 ιἰι
821 4071 908 4125 moro.
927 4071 962 4108 ra.
979 4059 1013 4108 ret
1029 4051 1089 4106 eid.
1109 4055 1129 4105 2
1147 4049 1213 4104 odd.
1233 4049 1271 4104 Ρι
1331 4050 1364 4103 14
1381 4045 1509 4118 praaemi-

364 4135 442 4202 nsnit
459 4147 487 4202 R
542 4148 574 4202 15
593 4144 677 4200 iidem
695 4141 755 4200 edd.
812 4146 845 4199 li
865 4143 1079 4196 demonstratum
1097 4155 1156 4193 cese
1174 4136 1234 4193 edd.
1295 4138 1332 4193 24
1349 4151 1509 4190 commemo·

362 4239 469 4291 ·rnretnr
491 4234 517 4288 V
603 4237 712 4288 trintum
731 4234 811 4302 qnae]
831 4234 966 4299 tmtumq.
984 4227 1022 4282 Μ
1027 4226 1049 4279 V
1065 4231 1174 4280 tentum
1193 4225 1240 4296 qui
1257 4225 1286 4278 A
1360 4223 1396 4278 26
1413 4221 1511 4292 grecia,

364 4323 557 4393 m.1eape·ol
576 4338 715 4392 greeomm
733 4320 762 4377 R
834 4322 899 4375 runt
917 4317 977 4372 edd.
