3309 4867
281 213 345 276 584
642 211 668 266 S.
696 210 833 266 Aureli
859 210 1078 282 Augustini

281 401 365 485 qnod
375 420 483 467 eorum
498 401 605 486 mugui
619 401 738 485 pendat
751 403 986 484 unctoritstem,
999 401 1159 487 quonism,
1168 421 1241 469 oum
1256 405 1425 471 extremm

281 508 364 574 diem
387 508 563 594 fungimur,
586 528 648 574 non
672 509 814 594 extingui
837 510 975 576 unimam
993 508 1051 576 sed
1069 509 1224 597 emigrare
1241 512 1380 590 oensem,
1396 513 1427 575 st

280 619 320 689 ut
344 616 459 682 merite
489 634 620 701 quoqne
648 615 717 682 eius
750 615 903 683 udserunt
934 635 991 682 eeu
1023 616 1107 682 bons
1129 635 1187 682 sen
1209 617 1295 682 mnis
1314 617 1370 683 uel
1389 616 1427 682 sd

279 715 510 787 beatitudinem
525 721 631 788 uelud
646 721 807 788 miserium
820 740 1014 808 permonere.
1030 722 1092 789 hoc
1108 722 1257 808 congruit
1270 726 1304 790 et
1314 723 1426 790 litteris

280 828 390 906 saeris,
410 847 545 912 querum
567 848 620 894 mo
635 829 739 914 cupio
760 830 982 896 litterstorem.
1005 829 1164 896 mulorum
1188 847 1264 915 ergo
1286 828 1359 894 tinis
1382 832 1429 895 sst
1467 850 1484 891 ι

280 953 378 1011 mors,
397 934 453 1001 sed
476 937 509 1001 in
532 935 592 1015 eis,
610 953 746 1018 qnorum
769 939 869 1016 coste,
887 933 951 1021 pis,
970 935 1086 1015 idolis,
1104 935 1255 1002 innocens
1272 936 1352 1015 nitu,
1369 954 1427 1001 non

267 1027 312 1104 ¹in
354 1040 412 1119 eis,
445 1040 500 1125 uui
536 1041 762 1127 temporalium
794 1061 952 1128 nngnrum
985 1045 1018 1108 et
1045 1041 1226 1109 nunitstum
1257 1041 1428 1125 cupiditate

280 1144 449 1230 dsgrsntes
482 1148 525 1225 et,
554 1165 628 1212 enm
656 1146 709 1213 tic
737 1145 801 1213 siti
829 1146 940 1214 felices
968 1147 1130 1226 uidentur,
1157 1147 1230 1231 ipss
1255 1148 1428 1215 uoluntatis

280 1253 436 1336 prenitete
458 1252 568 1318 miseri
596 1252 828 1320 conuinonntur
856 1258 889 1320 et
919 1257 996 1339 post
1018 1258 1158 1322 mortem
1178 1255 1349 1341 vgrauiores
1370 1253 1429 1320 mi

281 1359 379 1424 serius
402 1376 464 1425 non
487 1357 604 1425 hebere
627 1362 753 1425 tentum
777 1378 891 1427 nerum
914 1360 1013 1430 etium
1036 1360 1155 1427 sentire
1178 1364 1347 1446 coguntur.
1450 1385 1482 1426 ιο

236 1466 257 1530 4
324 1466 412 1531 Heoc
444 1483 521 1550 ergo
554 1484 628 1531 cum
661 1469 694 1532 et
726 1467 845 1532 uestris
874 1465 1077 1550 quibusdum,
1105 1486 1187 1551 quus
1216 1461 1430 1533 honorabilius

281 1571 418 1650 hebetis,
456 1576 490 1638 et
525 1572 643 1637 nostris
676 1571 824 1639 omnibus
861 1573 980 1639 littoris
1012 1574 1261 1657 frequententur,
1298 1592 1318 1640 o
1352 1573 1453 1669 bone,

282 1677 416 1744 dilector
443 1678 541 1744 etiam
568 1681 709 1744 terrenae
736 1680 858 1763 putrise
886 1682 972 1755 tuse,
1004 1678 1200 1764 luxuriosum
1226 1679 1330 1746 uitem
1356 1680 1431 1746 time

282 1784 409 1852 sinibus
435 1784 515 1861 tuis,
548 1803 610 1850 non
638 1789 821 1870 egestosum
849 1787 917 1862 snt,
945 1785 987 1851 si·
1002 1789 1183 1869 egestosum
1209 1785 1317 1863 times,
1345 1785 1430 1851 iilum

282 1892 391 1974 potius
414 1894 593 1976 egestatem
621 1910 713 1957 mone
737 1889 954 1971 deuitandnm,
982 1910 1064 1975 quse
1086 1910 1210 1977 mugenv
1224 1892 1303 1958 licet
1328 1911 1432 1959 rorum
1452 1913 1481 1954 ss

280 2001 475 2063 terrenarum
508 1998 719 2081 prosperitate
746 1997 958 2075 circumfluat,
992 1998 1040 2064 eis
1071 2001 1178 2065 temen
1210 1998 1433 2064 insutisbiliter

281 2104 441 2182 inhiando,
463 2109 502 2170 ut
525 2110 705 2170 uestrorum
728 2104 872 2189 ipsorum
895 2104 1003 2171 uerbis
1026 2108 1099 2171 uter
1120 2113 1299 2183 unctorum,
1323 2107 1432 2190 ‘neque

283 2212 376 2293 copis
401 2229 504 2294 neque
531 2211 639 2295 inopie
666 2210 840 2278 minuitur’.
871 2231 984 2277 nerum
1012 2215 1118 2277 temen
1149 2211 1185 2280 in
1214 2210 1293 2287 illis,
1317 2212 1433 2296 quitus

282 2319 485 2402 respondisti,
508 2318 626 2383 litteris
649 2319 729 2385 meis
753 2319 901 2385 inimicos
925 2318 1081 2385 ecclesiae
1104 2318 1192 2385 ciues
1211 2322 1285 2385 tuoe
1304 2337 1362 2384 nee
1379 2317 1434 2384 ills

253 2477 255 2480 ,
284 2428 427 2509 egestate
450 2424 515 2489 diui
539 2425 760 2502 emendandos,
790 2424 845 2491 ubi
873 2424 1052 2490 necesssriu
1074 2428 1205 2491 netnrss
1228 2422 1355 2502 desunt,
1382 2424 1435 2491 cni
1451 2437 1480 2479 ω

284 2531 442 2596 succurrit
472 2531 700 2610 misericordie,
734 2531 772 2598 do
804 2551 868 2615 que
903 2531 996 2597 nobis
1028 2530 1125 2596 etium
1156 2530 1434 2616 prussoribeudum

284 2638 416 2721 putasti,
453 2637 539 2720 qnod
572 2655 703 2721 opernm
734 2641 916 2705 nostrorum
948 2638 1010 2704 hoc
1041 2637 1162 2703 indioet
1195 2637 1288 2716 rutio,
1318 2636 1436 2728 quibus

283 2763 439 2828 pauperes
454 2744 661 2824 sustinemus,
680 2744 843 2813 morbidos
857 2745 1020 2810 curatione
1038 2744 1228 2822 releuemus,
1247 2743 1436 2812 medicinam

285 2850 412 2916 efflictis
431 2849 617 2934 corporibus
637 2850 841 2928 ‘adhibemus
865 2869 1057 2936 quamquam
1081 2853 1115 2915 et
1137 2848 1184 2915 sic
1208 2867 1302 2934 egere
1324 2849 1436 2915 utilius

285 2957 329 3023 sit
355 2976 450 3040 quem
479 2957 518 3023 ad
547 2957 722 3023 sedendam
756 2957 933 3042 nequitiem
961 2957 1057 3022 rebus
1084 2956 1233 3022 omnibus
1261 2955 1434 3031 nbuudsre3
1453 2977 1480 3020 ss

286 3063 343 3128 sed
370 3064 465 3143 absit,
496 3068 535 3129 ut
562 3081 622 3149 ego
654 3065 711 3130 ills
739 3064 953 3132 cohercitione
982 3064 1022 3131 ud
1050 3064 1131 3131 hune
1159 3081 1341 3128 nerumnnm
1371 3079 1435 3139 eos,

286 3169 463 3253 dequibus
487 3171 626 3256 egimus,
649 3170 838 3255 redigendos
862 3189 933 3236 esee
957 3169 1145 3236 censuerim.

199 3279 266 3343 115
330 3278 471 3343 Recense
490 3278 662 3360 epistulam
680 3296 796 3354 meam,
820 3277 848 3342 si
872 3280 976 3343 tumen
996 3275 1123 3362 dignum
1147 3274 1301 3354 habuisti,
1325 3274 1353 3340 si
1374 3292 1436 3339 non

286 3403 380 3466 qurum
405 3384 573 3469 relegeres,
602 3404 675 3448 oum
703 3383 732 3449 ei
751 3383 879 3454 unisset
904 3382 1169 3467 respondendum,
1197 3382 1313 3446 saitem
1342 3399 1435 3464 quem

286 3492 332 3555 ite
353 3509 537 3573 reponeres,
566 3494 603 3555 ut
634 3491 692 3556 tibi
725 3490 860 3566 iubenti,
889 3509 964 3556 oum
990 3490 1142 3565 nolueris,
1169 3489 1372 3573 proferretur,
1403 3487 1437 3552 et
1453 3509 1479 3550 eo

287 3581 437 3672 adtende,
469 3597 546 3680 quid
579 3596 724 3672 dixerim3
762 3597 823 3662 hoc
858 3597 1000 3681 profecto
1038 3596 1192 3673 inuenies,
1221 3594 1274 3659 coi
1305 3598 1339 3658 te
1376 3610 1435 3657 non

287 3704 499 3787 respondisse,
529 3708 683 3785 qnantum
707 3702 864 3779 existimo,
892 3702 1032 3767 iutemis.
1060 3722 1133 3768 nam
1157 3721 1193 3767 er
1216 3699 1356 3783 epistula
1380 3697 1434 3762 ille

379 3895 411 3949 18
431 3894 496 3950 sali.
517 3894 577 3948 Cet.
599 3896 641 3956 ll,
659 3894 676 3946 3
730 3893 840 3947 22-24
858 3893 890 3947 ci.
911 3911 937 3964 p.
958 3894 1019 3956 580,
1042 3894 1146 3948 16-18

325 4021 389 4073 tet
406 4036 457 4074 om.
482 4018 508 4072 V
526 4017 605 4083 (odd.
624 4022 698 4084 Μ)
722 4017 749 4070 (Ι
800 4017 974 4088 dpertinere
998 4015 1025 4071 U
1075 4017 1111 4071 20
1130 4016 1182 4081 cui,
1201 4017 1267 4070 esi
1284 4012 1333 4068 sed
1351 4011 1436 4069 cniV

288 4107 337 4162 sed
355 4107 397 4161 cui
417 4109 473 4162 ter
527 4106 856 4176 28sinouiuteiuon
879 4105 906 4161 U
