3309 4867
276 358 343 423 244
626 355 664 410 B.
691 349 832 411 sursit
859 352 1077 425 Augustini

277 552 352 618 date
373 550 568 636 praecisione
590 549 750 635 tumentes
773 550 826 631 pio
850 547 920 613 sinu
945 547 1099 632 suscepit,
1115 547 1425 636 periculosissimum

276 656 467 723 mandalum*
494 674 695 723 commonere
727 654 859 740 cupiens
891 654 1044 721 uidelicet
1075 654 1279 723 serenitatem
1315 656 1425 742 gaudii

275 764 387 837 nostri,
415 782 496 847 quse
523 763 615 828 nobis
639 761 678 828 de
699 762 783 829 bono
804 765 933 829 neshse
956 747 1205 833 conuersationis
1228 760 1341 829 oborta
1360 767 1424 838 est,

276 869 369 934 foede
391 864 569 935 innubilare
591 868 734 936 tristitie.
768 867 825 933 sed
848 867 1035 935 dominus
1058 867 1158 933 dens
1181 871 1290 934 noster
1309 868 1424 934 mise·

276 976 405 1041 ricers
429 979 468 1042 et
489 975 709 1041 miserator
731 973 898 1039 consolans
921 973 1069 1052 afflictos,
1092 973 1236 1042 nutriens
1258 975 1422 1059 paruulos.
1458 994 1475 1034 s

275 1100 390 1147 errans
421 1081 563 1147 infirmos
594 1081 634 1145 ad
660 1079 722 1146 hoo
749 1098 824 1146 eum
851 1079 973 1164 aliquid
999 1097 1095 1165 posse
1118 1080 1273 1165 permisit
1297 1084 1423 1146 utrem

275 1190 450 1255 correctum
478 1188 582 1253 multo
610 1186 748 1278 amplius
770 1185 972 1264 laetaremur,
995 1204 1091 1267 quam
1115 1184 1302 1255 dolebamus
1325 1186 1422 1252 siliis

274 1297 352 1361 tum.
375 1294 470 1378 longe
493 1296 544 1359 est
566 1291 684 1376 qnippe
705 1291 878 1377 gloriosius
897 1292 1103 1377 episcopatus
1121 1293 1277 1359 sureinam
1294 1298 1423 1378 propter

274 1399 428 1466 eeclesiae
454 1399 586 1465 uitanda
600 1395 755 1483 xperienls
781 1398 969 1482 deposuisse
1000 1417 1097 1481 quarn
1124 1404 1257 1484 propter
1284 1399 1424 1486 regenda

274 1504 493 1591 gobemseuls
512 1506 703 1590 suscepisse.
725 1504 781 1570 ille
804 1505 922 1589 quippe
945 1523 980 1570 se
1002 1505 1164 1583 honorem,
1187 1505 1216 1576 si
1233 1506 1322 1590 psois
1339 1507 1420 1572 rutio
1439 1526 1472 1568 ιο

273 1615 445 1697 pateretur,
477 1612 573 1697 digne
602 1612 743 1694 accipere
769 1612 916 1694 potuisse
944 1611 1149 1690 demonsiret,
1177 1613 1232 1695 uni
1255 1617 1418 1697 oooeptnm

234 1726 239 1735 ’
272 1738 335 1785 non
368 1715 510 1785 defendit
541 1717 681 1802 indigne.
717 1717 823 1783 uoluit
854 1735 928 1803 ergo
961 1717 1040 1782 dens
1072 1718 1168 1784 etium
1200 1737 1257 1801 per
1291 1720 1421 1785 fratrem
1460 1707 1462 1710 ’

273 1830 365 1892 tunm
398 1824 500 1890 lilium
531 1828 677 1892 nostrum
704 1824 929 1889 Maximisnum
959 1825 1124 1890 estendere
1151 1824 1288 1891 inimicis
1320 1826 1420 1891 eccle

274 1933 341 2000 sius
365 1949 441 1998 suae
464 1950 535 1997 esse
562 1930 594 1996 in
622 1930 801 1997 uisceribus
828 1931 910 2008 eins,
938 1930 993 2014 qui
1020 1948 1082 2020 non
1115 1949 1187 1997 sua
1220 1935 1419 2016 quaerant

274 2040 331 2105 sed
369 2056 468 2122 quae
499 2037 594 2102 Iesu
626 2035 795 2101 Christi.
833 2055 936 2120 nepus
972 2037 1055 2103 enim
1091 2037 1171 2102 illud
1207 2037 1469 2108 ministeriorum

274 2144 520 2229 dispensationis
542 2143 767 2227 mysteriorum
791 2141 850 2209 dei,
865 2143 973 2209 uirtus
996 2143 1104 2226 aliqua
1126 2143 1279 2210 sseoulari
1298 2143 1419 2226 eupidi-

271 2254 339 2317 tate
380 2248 530 2328 deseruit,
568 2248 625 2315 sed
660 2248 792 2334 pusillos
826 2255 991 2333 permotus
1026 2249 1147 2333 pietate
1183 2229 1342 2334 deposuit,
1377 2268 1418 2315 ne

270 2359 403 2442 propter
429 2356 498 2422 eius
526 2354 673 2422 honorem
703 2355 795 2421 foeda
823 2360 858 2422 et
884 2357 1063 2439 periculosa
1085 2359 1142 2421 aut
1163 2355 1299 2421 fortasse
1322 2356 1417 2422 etiam

271 2462 450 2546 perniciose
471 2462 501 2526 in
522 2462 678 2527 memhris
701 2461 821 2528 Christi
844 2462 1000 2529 dissensio
1021 2465 1214 2529 nasceretur.
1238 2461 1315 2547 quid
1333 2462 1417 2528 enim

273 2572 361 2636 esset
374 2568 506 2634 -eaeeius
531 2570 565 2633 et
587 2567 674 2634 omni
695 2569 892 2634 execratione
911 2568 1039 2653 dignius
1058 2589 1153 2652 qnam
1170 2571 1302 2654 propter
1318 2569 1417 2634 eoole-
1435 2590 1465 2629 so

271 2675 338 2741 siae
379 2674 555 2742 catholicae
595 2691 705 2757 paoem
742 2673 884 2739 sehismu
919 2674 1062 2739 deserere
1100 2678 1133 2739 et
1166 2675 1270 2757 ipsam
1305 2692 1415 2757 paoem

272 2781 463 2847 catholicam
489 2779 618 2847 honeris
645 2779 696 2845 sui
724 2780 908 2863 quaestione
930 2779 1079 2847 turbare?
1102 2780 1179 2864 qnid
1202 2781 1287 2847 enim
1309 2779 1417 2846 lands-

270 2881 369 2954 bilius
406 2891 445 2952 et
466 2886 664 2954 Christianae
701 2887 826 2953 cantati
862 2887 1095 2958 commodatius
1132 2906 1226 2970 quam
1268 2879 1417 2953 derelieta

271 2992 510 3060 Donatistarum
533 3010 652 3058 nerana
674 2992 822 3077 snperbia
842 2994 891 3059 ita
913 2992 1081 3059 hereditati
1101 2992 1220 3059 Christi
1238 2991 1415 3071 cohaerere,

270 3102 308 3164 ut
331 3098 550 3164 testimonium
574 3098 767 3164 humilitatis
790 3117 896 3164 amore
919 3095 1105 3183 prebaretur
1123 3100 1275 3165 unitatis?
1297 3098 1414 3180 itaque,
1428 3120 1457 3161 rs

271 3207 425 3287 quantum
462 3204 501 3270 sd
539 3204 644 3289 ipsum
687 3205 819 3282 adtinet
861 3205 946 3270 sient
986 3225 1059 3270 eum
1102 3205 1277 3290 gaudemus
1317 3204 1415 3268 talem

358 3534 377 3588 4
394 3534 438 3588 ΡΒ.
457 3532 565 3598 85,15;
587 3531 647 3597 los.
661 3533 690 3595 ὃς
711 3534 772 3593 110.
783 3534 817 3600 ,4;
839 3535 899 3596 111,
913 3536 942 3597 43
965 3535 1024 3600 144,
1038 3533 1069 3598 8;
1084 3534 1139 3589 Iac.
1154 3535 1179 3596 5.
1194 3535 1226 3590 ll
1283 3532 1412 3588 siluno.

271 3622 349 3686 1048
404 3623 439 3677 14
455 3622 527 3677 Phil.
546 3622 623 3686 221

306 3797 450 3852 tuestrue
468 3795 571 3857 ΜΠ
658 3798 842 3852 consensionis
856 3798 920 3855 edd.
1010 3797 1204 3869 tideposuisse
1222 3805 1284 3861 dn..
1301 3800 1365 3853 ond
1382 3793 1441 3850 is<

268 3901 356 3956 muro.
371 3886 436 3941 add.
454 3886 482 3943 U
525 3885 559 3956 18
578 3902 643 3941 sure
661 3886 792 3941 eoelesiue
808 3886 837 3942 U
881 3888 914 3942 14
933 3887 1080 3942 uisceribus
1092 3889 1095 3956 l
1108 3888 1165 3942 eius
1184 3904 1243 3943 esse
1257 3892 1320 3952 (om.
1333 3885 1373 3955 in)
1391 3886 1416 3940 T

305 3974 375 4044 eius]
396 3973 497 4030 Christi
516 3974 574 4030 eins
593 3975 653 4057 edd.
668 3981 781 4044 praeter
798 3993 824 4029 m
880 3981 996 4047 querunt
1018 3976 1074 4032 VU
1108 3978 1141 4032 le
1160 3977 1370 4031 ministeriorum
1389 3973 1415 4027 V

268 4061 349 4134 (corr.
368 4060 559 4128 ndsteriorurn)
584 4062 612 4118 U
664 4065 696 4118 il
716 4063 843 4126 deseruit.
862 4069 928 4120 au2
945 4064 1072 4136 deposuit
1090 4066 1115 4121 U
1170 4065 1202 4120 18
1220 4064 1371 4136 periculose
1385 4067 1413 4117 et

267 4149 337 4209 fede>
352 4151 378 4205 T
430 4153 465 4213 20
484 4152 631 4207 eortiusT
683 4154 717 4208 22
735 4153 857 4223 turbare]
877 4155 983 4224 priuare
1003 4157 1085 4223 (esp.)
1104 4155 1213 4209 turbare
1235 4153 1262 4209 U
1313 4153 1348 4208 28
1367 4170 1410 4207 ae·

267 4239 463 4294 sommodutius
481 4239 514 4294 Η
