3309 4867
565 271 830 341 epistularum
859 270 967 325 xxxu
1014 283 1016 286 ·
1296 271 1336 340 13

187 463 381 548 perfectione
413 464 552 546 palmam
586 465 768 550 Augustino
800 466 1006 549 potissimum
1040 466 1229 554 destinatam
1258 470 1335 534 scio.

187 590 309 649 uersor,
331 570 388 644 fili,
411 590 451 636 ne
474 590 565 637 aures
589 575 662 638 tuus
687 572 859 655 asperitate
882 573 1041 637 temerarii
1061 574 1219 638 vserruonis
1243 575 1337 641 olien-

187 676 289 741 derim
313 680 346 741 et
367 696 424 759 per
446 696 537 744 aures
561 679 666 743 animo
691 679 787 743 etiam
810 681 867 743 tuo
891 677 991 743 taedii
1017 679 1083 744 rusi
1107 679 1226 746 uulnus
1253 682 1336 746 intu-

187 782 288 850 lerim.
322 783 379 846 sed
406 783 437 847 in
466 788 604 850 mentem
632 783 723 849 ueuii
749 784 907 867 epistulae
934 789 1019 850 tuae.
1041 802 1109 866 ·qua
1141 787 1172 850 te
1206 786 1337 852 musicis

154 888 373 954 eiamiliarem
403 889 507 955 modis
534 890 685 966 intellexi,
715 910 734 956 a
762 908 824 973 quo
853 890 960 956 eludis
989 909 1048 975 ego
1077 890 1148 955 aeui
1179 893 1336 975 quondam

187 996 237 1058 tui
261 1014 319 1060 non
344 996 502 1061 ablronui.
534 998 644 1081 itaque
671 997 750 1063 milri
773 996 813 1062 a'd
835 1001 923 1061 tuam
948 1001 1098 1066 mentem.
1123 997 1151 1063 si
1174 998 1205 1062 iu
1230 999 1335 1081 aliquo

187 1102 429 1182 exulcerassem,
462 1103 681 1169 deleniendam
708 1103 885 1169 remedium
909 1104 1032 1167 litteras
1055 1106 1128 1168 tuas
1151 1104 1336 1170 recordatus

188 1207 323 1290 repperi,
352 1211 390 1273 ut
418 1211 450 1273 le
479 1209 518 1273 ad
547 1208 710 1274 dominum
743 1207 925 1273 harmoniae
958 1207 1154 1274 omniformis
1187 1209 1338 1276 artificem

188 1314 403 1380 modulamine
440 1317 587 1381 carminis
628 1334 804 1382 eneconem.
822 1333 957 1397 ouaeso
987 1316 1030 1393 te,
1059 1318 1097 1379 ut
1123 1333 1198 1380 aure
1226 1315 1336 1381 audias

143 1445 170 1485 ro
187 1439 291 1503 neque
313 1440 441 1486 causam
466 1422 580 1486 salutis
604 1425 678 1487 tuae
701 1422 733 1487 in
757 1420 865 1492 uerbis
893 1419 973 1486 meis
1001 1438 1141 1503 spernas,
1171 1420 1227 1486 sed
1250 1422 1336 1504 piam

187 1546 296 1592 curam
321 1531 354 1592 et
377 1531 515 1593 urentem
539 1533 704 1613 palernum
727 1529 824 1630 etiam
848 1527 879 1592 iu
905 1526 1118 1608 despiciendis
1137 1529 1336 1593 sermonibus

187 1634 323 1700 libenter
345 1634 493 1718 accipias,
518 1635 634 1717 poribus
656 1633 791 1700 insitum
816 1633 934 1699 Cliristi
962 1650 1113 1709 nomen,
1137 1633 1249 1714 cuod·
1274 1638 1335 1698 ost

188 1759 307 1824 super
339 1727 451 1806 omne
483 1758 634 1818 nomen,
667 1740 747 1812 lianc
776 1739 882 1805 deberi
910 1737 1146 1804 uenerationem
1179 1737 1266 1816 facit,
1299 1745 1337 1803 ui

187 1865 248 1912 non
271 1846 377 1931 possit
398 1866 418 1911 a
439 1848 585 1914 credente
609 1845 778 1913 contemni.
1333 1827 1336 1834 ⁶

150 2170 174 2211 u
279 2145 382 2223 Quare
406 2163 463 2228 nge
487 2162 598 2226 rumpe
621 2161 727 2210 mores
750 2144 785 2207 et
807 2141 914 2206 uincla
935 2139 1057 2218 tenacia
1081 2138 1190 2204 saecli

321 2269 378 2315 neo
402 2252 527 2314 ructuas
550 2248 667 2333 placidi
690 2249 768 2326 mite
791 2247 905 2325 iugum
928 2238 1058 2311 domini.
1166 2321 1167 2324 Ἴ

277 2354 409 2437 pulchra
431 2355 559 2438 quidem
584 2355 640 2420 sed
663 2355 744 2419 mira
766 2353 859 2439 uagis
881 2351 1061 2435 praesentia
1082 2369 1187 2416 rerum

320 2461 490 2537 mentibus
515 2464 549 2526 at
570 2461 699 2544 sapiens
722 2479 783 2525 non
807 2461 918 2543 stupet
939 2457 1004 2522 ista
1025 2456 1160 2524 animus.

136 2577 147 2598 ⁰
188 2587 203 2635 ⁵
277 2585 359 2632 nurrc
381 2568 415 2631 ie
438 2567 593 2633 sollicitat
615 2567 713 2632 uariis
736 2564 922 2633 malesuada
943 2562 1054 2648 figuris

148 2711 174 2744 zo
321 2673 398 2737 heu!
423 2673 548 2738 ualidos
571 2673 667 2739 etium
691 2676 815 2738 ueniere
839 2672 941 2737 Roma
961 2674 1084 2753 potens.

149 2941 155 2950 ,
277 2871 504 2936 acrammslar.
529 2897 559 2935 ex
581 2896 634 2935 rec.
658 2881 741 2936 Keilii
764 2880 852 2950 suppl.
878 2877 1030 2932 (anecdota
1052 2876 1123 2931 Helu
1156 2875 1199 2931 sd.
1223 2875 1331 2946 Hagen)

187 2985 213 3038 p.
234 2967 294 3032 173,
312 2970 343 3024 4:
361 2967 428 3022 'lale
452 2973 494 3022 est
515 2966 585 3022 illud
607 2967 715 3022 Paulini
740 2967 775 3021 ud
793 2966 959 3022 bisentium:
979 2966 1016 3019 ‘iu
1034 2967 1153 3019 mentm
1171 2964 1239 3019 milri
1256 2965 1334 3019 uenit

188 3056 320 3126 epistolae
338 3058 410 3110 tuae·
429 3055 520 3110 idest
539 3056 581 3110 ‘de
600 3056 718 3127 epistole
737 3057 794 3110 tna'
860 3056 893 3109 12
912 3053 983 3108 Phil.
1003 3054 1028 3116 2,
1047 3054 1064 3107 9
1121 3054 1154 3107 15
1168 3052 1249 3123 Verg.
1264 3052 1331 3108 Aen.

187 3143 224 3198 IV
243 3147 309 3209 5693
329 3143 427 3215 θοοῖς.
446 3143 484 3197 lv
502 3146 556 3199 412
612 3145 645 3200 16
663 3143 761 3200 Mareu.
782 3145 824 3199 11.
843 3143 879 3199 30

223 3272 236 3324 l
257 3269 434 3340 perfectione]
454 3285 503 3340 per
521 3269 692 3324 ellectionem
709 3267 747 3324 M
764 3284 811 3339 per
829 3266 1001 3322 affectionem
1021 3267 1048 3319 A
1128 3265 1145 3320 3
1164 3281 1212 3336 per
1229 3267 1262 3319 i'n
1274 3264 1334 3335 fine

188 3374 214 3411 u.
234 3375 284 3412 om.
304 3357 331 3411 A
403 3357 850 3428 uuluae.corr.(er.1?)uulnus
868 3354 906 3409 M
966 3355 1093 3409 lments
1110 3353 1148 3408 M
1218 3353 1334 3425 epistola

187 3450 236 3501 tua
259 3462 315 3501 ros.
341 3462 375 3501 ex
399 3446 532 3516 epistolas
558 3450 621 3499 tuae
644 3445 672 3498 Ρ
694 3445 809 3516 epistole
832 3448 897 3497 tuas
920 3439 1037 3497 ratioR
1059 3442 1248 3513 epistolatus
1271 3441 1337 3496 edri..

188 3537 203 3585 5
223 3551 240 3589 a
258 3534 320 3606 quo]
340 3550 426 3606 aequo
443 3533 507 3589 MA
561 3534 677 3603 quodem
696 3533 813 3588 MACP
830 3535 907 3599 (Μ
925 3529 1071 3601 quondam)
1113 3532 1129 3586 7
1149 3530 1332 3585 deliniendam

186 3623 300 3678 MACP
317 3623 377 3679 edd.
396 3622 572 3677 diliniendam
591 3622 619 3678 R
719 3622 826 3696 litteris,
847 3619 1122 3676 corr.so.11itteras
1139 3617 1175 3672 M
1235 3619 1331 3689 8rep-

187 3712 256 3782 peri]
275 3712 327 3766 hoc
343 3714 450 3783 repperi
468 3711 502 3766 K
590 3713 800 3767 lenoesrcmus
819 3711 847 3764 P
917 3709 993 3777 aurs]
1014 3707 1116 3774 audire,
1133 3712 1199 3762 Μ
1217 3724 1280 3763 aure
1298 3708 1335 3762 M

221 3798 316 3855 andins
332 3813 399 3855 sure
419 3805 445 3855 A
484 3802 514 3856 ll
536 3799 712 3872 dispiciendis
730 3799 768 3854 M
785 3802 860 3867 im)
878 3796 1072 3868 despiciendis)
1090 3795 1153 3851 ΑΚ
1197 3798 1230 3852 13
1250 3814 1331 3867 snpra

190 3888 239 3942 CP
255 3888 315 3943 edd.
388 3905 494 3944 ornnem
515 3888 569 3942 CK
642 3889 675 3946 lc
694 3888 804 3942 uincula
824 3890 852 3950 (u
871 3904 931 3956 cap.
951 3903 976 3940 m
1000 3890 1025 3952 2)
1045 3884 1083 3939 M
1149 3886 1183 3941 16
1201 3886 1279 3940 mitte
1297 3887 1332 3940 M

190 3977 593 4046 (ducrumterusfflmiteo
606 3977 679 4047 (suit
692 3977 772 4045 m)P
808 3977 841 4030 18
860 3974 903 4039 ad,
919 3973 1173 4029 m.2atAutK
1209 3976 1242 4029 19
1256 3975 1330 4029 uriis.

188 4083 256 4120 corr.
275 4071 334 4121 m.1
352 4067 432 4122 uariis
451 4066 488 4120 M
492 4099 506 4124 e
542 4066 705 4126 malesuada.
724 4079 794 4120 corr.
809 4068 875 4118 ml
891 4062 1049 4118 malesuada
1060 4061 1097 4116 M
1115 4063 1267 4116 incalescere
1278 4063 1331 4118 PR

187 4155 222 4208 20
241 4154 354 4219 ualidus,
374 4158 438 4209 oa2
456 4153 555 4208 ualidis
573 4158 599 4207 A
1171 4142 1175 4148 ’
