3309 4867
154 382 158 388 Ι
269 430 337 494 416
629 426 655 481 S.
684 426 822 481 Aureli
850 410 1071 497 Augustini

270 623 440 706 quantum*
457 640 642 706 possumus,
674 638 842 688 monemus
875 623 971 686 etiam
1004 621 1103 687 laicos
1136 623 1276 699 nostros,
1307 624 1345 687 nt
1371 640 1429 688 eos

271 728 410 803 inlaesos
435 720 570 801 'teneant
602 731 635 793 et
652 727 754 793 notis
783 727 999 810 corripiendos
1023 727 1291 811 instruendosque
1312 728 1429 810 perdu-

267 834 435 905 suntsed
457 834 557 917 eliqui
578 832 800 911 ,oes'audinnt
822 836 866 911 et,
891 832 919 899 si
942 837 1090 918 possunt,
1114 833 1251 911 iaciunt3
1275 833 1328 898 alii
1352 852 1428 898 cnm

269 940 347 1023 illis·¹
360 959 454 1025 quem
477 939 672 1007 admodum
697 958 770 1005 cum
793 939 973 1006 latronibus
997 942 1108 1024 egunt,
1132 939 1207 1023 quia
1225 942 1281 1007 eos'
1299 958 1332 1005 re
1351 959 1430 1005 uere

270 1048 353 1114 tales
390 1047 571 1132 patiuntur:
607 1046 706 1130 aliq'ui
738 1045 824 1111 ictus
856 1064 967 1111 eorum
1001 1045 1070 1111 suis
1099 1045 1288 1129 corporibus
1322 1045 1428 1111 immi·
1462 1072 1476 1110 s

232 1137 236 1143 ⁷
271 1156 383 1220 nentes
413 1139 758 1245 feriendo'repe'lluut,
791 1171 831 1217 no
863 1152 902 1218 ab
936 1152 982 1216 eis
1016 1155 1088 1217 ante
1125 1151 1292 1228 tentantem
1329 1152 1427 1234 aliqui

271 1251 487 1343 adprehensus
517 1249 681 1324 iudicibus
713 1257 852 1325 offerunt
877 1276 936 1335 neo
964 1257 1057 1324 nobis
1085 1246 1356 1325 intercedentibus
1380 1258 1428 1324 eis

230 1358 233 1363 ’
271 1369 416 1450 parcunt,
452 1365 528 1431 dum
561 1366 601 1430 ab
633 1366 680 1431 eie
711 1363 780 1447 pati
812 1364 898 1429 mala
928 1364 1082 1431 immanis
1116 1365 1359 1448 pertimescunt.
1395 1367 1428 1429 in

272 1473 389 1558 quibus
413 1472 561 1538 omnibus
584 1472 717 1538 illinon
741 1472 907 1554 deponunt
928 1471 1013 1537 iacta
1036 1472 1197 1537 lamonem
1221 1475 1255 1538 et
1277 1472 1427 1539 honorem

272 1578 335 1645 sibi
358 1578 489 1665 eligunt
510 1581 695 1662 martyrum.
909 1654 911 1657 ⁸
1451 1604 1475 1643 io

223 1681 263 1745 10
316 1684 387 1752 Hoc
402 1773 405 1779 Ι
423 1688 475 1751 est
506 1702 581 1770 ergo
615 1684 808 1763 desiderium
845 1689 1002 1767 nostrum,
1040 1684 1127 1768 quod
1163 1688 1239 1751 tuae
1261 1714 1263 1719 v
1275 1684 1427 1770 grauitati

237 1862 252 1884 ,
272 1805 338 1879 pec
365 1792 423 1857 has
455 1774 581 1857 litteras
619 1795 652 1857 et
681 1810 739 1874 per
770 1790 895 1867 dames,
929 1810 1010 1874 quos
1040 1791 1203 1869 misimus,
1236 1790 1426 1875 allegamus:

271 1898 423 1982 primum,
461 1898 489 1965 si
527 1897 597 1963 fieri
629 1898 746 1981 potest,
779 1883 825 1962 ιιι
849 1915 921 1962 cum
955 1898 1115 1982 episcopie
1144 1899 1265 1963 noemi
1297 1897 1427 1981 pacifico

274 2003 454 2083 conferatis,
485 2008 534 2082 nt,
567 2005 598 2069 in
633 1987 749 2086 quibus
782 2002 880 2068 luerit
911 2002 1084 2084 inuentus,¹
1107 2020 1167 2069 non
1199 2003 1342 2069 homlnes
1370 2002 1427 2069 sed

260 2100 361 2201 ve'sf'ror
391 2111 461 2196 ipse
497 2097 643 2189 ¹telletum
681 2114 725 2175 ut>
755 2109 901 2175 homines
933 2128 996 2177 non
1028 2111 1213 2190 puniantur,
1244 2109 1302 2176 sed
1334 2111 1427 2175 corri—
1450 2135 1475 2174 ιι

274 2221 403 2303 gentum
435 2216 475 2291 ue
491 2236 559 2283 uos
586 2216 681 2282 modo
710 2216 918 2293 conuenietis,
948 2216 1024 2298 quia
1051 2227 1160 2282 eorum
1184 2216 1424 2282 consentionem

275 2318 368 2389 antee
389 2323 638 2408 contempsistis.
662 2326 780 2406 quento
803 2321 920 2387 melius
944 2323 1030 2387 enim
1049 2322 1114 2387 hoc
1131 2322 1214 2387 inter
1231 2341 1291 2388 nos
1310 2322 1426 2399 none,

273 2432 323 2508 ut,
359 2430 445 2514 quod
481 2428 621 2515 egeritis,
658 2427 875 2511 conscriptum
913 2432 946 2493 et
986 2427 1204 2512 subscriptum
1245 2428 1428 2511 imperatori

274 2535 423 2615 mittatis,
447 2554 541 2619 quem
564 2539 603 2601 ut
624 2536 686 2602 hoc
709 2534 792 2618 apud
816 2539 956 2600 terrenas
979 2536 1158 2618 potestates
1182 2525 1248 2611 liat,
1267 2552 1347 2617 quae
1366 2554 1427 2599 non

274 2647 410 2725 possunt
441 2643 502 2708 nisi
533 2642 599 2707 iam
631 2640 713 2707 detis
746 2644 857 2707 centra
887 2660 947 2707 uos
974 2640 1101 2725 legibus
1129 2628 1298 2706 inseruire!
1326 2639 1427 2706 uestri
1448 2667 1478 2713 ao

275 2748 361 2814 enim
375 2737 534 2839 ‘'collegae,
559 2749 615 2832 qui
636 2748 875 2833 neuiguuerent,
904 2746 989 2830 spud
1016 2746 1194 2829 praefectos
1221 2746 1366 2812 dixerunt
1392 2765 1428 2813 se

276 2853 380 2943 audiri
414 2855 543 2923 uenisse
580 2859 614 2922 et
649 2855 894 2919 uominauerunt
930 2857 1077 2918 sanctum
1117 2858 1242 2935 petrem
1283 2855 1428 2917 nostrum

276 2961 467 3047 catholicum
489 2962 678 3046 episcopum
698 2959 915 3037 Valentinum,
939 2960 1094 3041 quitum
1117 2959 1150 3022 iu
1174 2947 1328 3023 comitatu
1350 2962 1428 3033 emt,

274 3068 418 3135 diceutes
442 3087 514 3135 cum
535 3068 594 3133 illo
619 3086 653 3133 se
669 3064 760 3139 >nelle
784 3067 899 3143 audiri,
922 3066 1008 3149 quod
1031 3065 1078 3131 eis
1101 3083 1163 3131 non
1180 3067 1313 3149 ¹poteret
1329 3062 1429 3131 mdex

276 3175 462 3254 concedere,
487 3174 543 3258 qui
569 3175 634 3241 iem
662 3173 838 3248 seeundum
866 3173 966 3259 leges,
991 3190 1072 3256 quae
1096 3175 1206 3237 contm
1227 3190 1291 3238 uos
1312 3172 1430 3236 consti-
1450 3198 1480 3238 ae

275 3284 365 3361 tutae
404 3288 489 3357 sunt,
525 3278 700 3354 iudicabam
726 3298 798 3352 ¹neo
828 3260 895 3344 ille·
917 3279 1087 3362 episcopus
1124 3278 1171 3342 ita
1207 3280 1338 3342 uenerat
1374 3282 1430 3342 eut
1547 3306 1554 3323 ·

275 3386 406 3470 aliquod
440 3385 506 3452 tale
540 3386 726 3459 mandatum
758 3404 777 3449 a
808 3386 877 3450 suis
899 3384 1068 3468 vepiscopie
1101 3389 1275 3467 acceperat.
1312 3388 1430 3465 quanto

312 3696 569 3769 2corporiplendos
583 3697 625 3752 Μ
711 3696 800 3753 tsed
823 3697 1090 3767 aliqui-patiuntur
1108 3712 1160 3755 om,
1177 3695 1204 3749 A
1297 3696 1430 3766 deliqui]

276 3787 326 3843 alii
343 3787 382 3841 M
446 3786 646 3858 9depromunt
662 3789 690 3841 A
760 3788 794 3841 12
811 3786 914 3841 litteris
933 3788 960 3838 A
1043 3785 1188 3855 alligamus
1205 3783 1272 3839 HF
1338 3782 1371 3840 13
1389 3785 1430 3855 ut]

278 3879 307 3932 et
324 3876 361 3931 Μ
432 3876 609 3941 lehonensi
633 3879 660 3942 (s
678 3892 711 3932 ec
729 3880 811 3942 cerr.)
832 3873 863 3929 F
933 3876 966 3929 16
990 3874 1210 3936 conuentionum,
1229 3876 1296 3928 aa]
1314 3889 1432 3928 conuen-

276 3966 381 4026 tionem
398 3965 427 4037 P
489 3966 522 4019 ll
541 3964 740 4035 contempsisti,
758 3974 828 4021 cem.
850 3962 955 4031 (mli)
975 3963 1179 4032 contempsistis
1197 3962 1225 4016 P
1287 3961 1323 4016 20
1342 3961 1431 4035 dictis,

277 4057 343 4108 Μ
361 4052 505 4129 ussus?
574 4052 710 4108 intaenire
730 4070 749 4107 a
768 4053 873 4108 saeuire
893 4057 951 4106 cett.
971 4050 1033 4106 edd.
1050 4057 1201 4119 practerea
1272 4051 1307 4105 21
1327 4048 1433 4118 college

280 4145 354 4213 (Μ
372 4141 519 4212 collegaell
533 4142 605 4212 oqui
621 4144 649 4209 (e
667 4145 749 4206 eros.)
768 4140 796 4194 P
858 4141 892 4194 22
912 4140 1006 4195 cudite
1024 4138 1115 4193 MFA
1178 4141 1213 4193 24
1232 4136 1326 4192 audire
1347 4137 1434 4192 MFA

315 4228 387 4300 quod
407 4231 446 4284 eis
464 4246 518 4286 nnn
537 4233 648 4300 poterat
666 4229 716 4293 tis,
732 4230 849 4289 alteram
869 4228 921 4284 'dot
935 4246 970 4283 m.
985 4235 1017 4282 at
1035 4229 1093 4282 νέα.
1109 4227 1166 4282 1Ρ
1214 4228 1249 4281 26
1263 4231 1392 4281 coenent
1406 4228 1433 4280 A

279 4315 431 4387 ducuerat
445 4317 511 4372 HF
562 4318 597 4373 21
617 4319 785 4389 coepiscopis
805 4320 832 4372 A
