3309 4867
329 353 395 418 596
688 353 715 410 S.
743 353 881 409 Aureli
907 354 1125 425 Augustini

328 564 467 630 cumque
498 562 534 612 ex
566 545 633 612 illis
665 549 739 612 nutu
774 546 904 624 inerim,
943 547 1156 615 characterem
1189 548 1309 616 domiui
1345 551 1398 616 sni
1430 550 1475 616 eis

327 652 451 736 infiget,
486 672 525 720 ne
562 652 685 730 furtum
716 655 785 720 eius
822 655 928 738 possit
961 656 1102 740 agnosci.
1139 657 1186 722 sic
1219 657 1304 723 enim
1335 657 1478 723 iecerunt

328 760 465 825 maiores
492 761 608 834 nestri:
638 765 869 845 sepumuerunt
895 761 934 827 sb
959 762 1095 829 ecclesis
1117 761 1237 829 Christi
1262 765 1401 848 populos
1424 761 1477 828 hs·

327 864 440 932 tentes
476 867 671 950 baptismum
705 865 826 935 Christi
859 875 901 947 et,
938 868 1131 954 quicumque
1160 869 1227 936 illis
1258 869 1477 946 udereuerunt,

327 961 488 1055 baptismo
503 973 622 1042 Christi
636 993 691 1040 eos
709 974 964 1059 bspticnuerunt.
984 974 1041 1042 sed
1056 974 1203 1041 dominus
1218 980 1252 1043 et
1268 976 1355 1043 fures
1374 975 1476 1060 pouit,
1509 997 1523 1038 s

328 1079 358 1144 si
385 1098 448 1145 non
476 1100 510 1146 se
533 1081 740 1158 correxerint·
762 1085 796 1147 et
818 1100 897 1150 oues
928 1081 968 1147 ub
996 1101 1101 1149 errore
1128 1088 1259 1149 reuocet
1284 1082 1324 1149 ud
1348 1100 1477 1169 gregem

328 1205 386 1264 uec
408 1187 441 1253 in
465 1188 511 1254 eis
535 1206 631 1256 suum
655 1188 843 1254 exterminat
864 1189 1087 1257 characterem.
1182 1198 1185 1206 '

284 1288 305 1353 2
373 1292 491 1362 Dicitis
513 1314 571 1361 nos
596 1295 776 1372 traditores,
804 1294 892 1379 quod
918 1314 977 1362 nec
999 1297 1135 1364 mniores
1157 1296 1258 1364 uestri
1284 1296 1318 1363 in
1341 1294 1476 1361 maiores

328 1404 455 1473 nostros
477 1405 653 1486 potnerunt
670 1421 727 1467 nec
746 1422 806 1468 uos
828 1402 862 1466 in
883 1421 938 1470 nos
960 1402 1093 1488 prebere
1116 1387 1296 1470 ullomodo
1318 1401 1476 1487 poteritis.

329 1506 526 1591 quidnobis
555 1508 656 1573 uultis
684 1508 851 1586 faciemus,
884 1508 951 1592 qui,
984 1507 1108 1593 quundo
1140 1510 1233 1575 uobis
1260 1508 1409 1587 dicimus,
1440 1509 1478 1573 ut
1496 1531 1526 1572 m

328 1633 458 1681 cuuesm
477 1619 619 1681 uostrern
640 1619 673 1681 et
690 1619 829 1681 uestram
853 1615 1012 1700 patienter
1033 1615 1183 1694 uudiutis,
1204 1636 1265 1684 non
1289 1615 1394 1683 nostis
1414 1612 1478 1679 nisi

329 1720 492 1805 superbire
520 1723 553 1786 et
579 1721 738 1788 insanire?
765 1725 840 1787 nem
868 1722 979 1805 utique
1002 1723 1242 1789 ostenderemus
1269 1722 1375 1800 uotis,
1403 1721 1478 1806 quie

327 1829 377 1896 illi
404 1830 513 1913 potius
537 1827 706 1894 trudito‘res
733 1828 874 1906 fuerunt,
905 1829 959 1912 qui
983 1827 1198 1894 Caecilianum
1222 1833 1256 1894 et
1277 1829 1383 1897 socios
1407 1827 1476 1894 eius

329 1934 421 2018 quusi
446 1933 628 2002 traditionis
656 1934 789 2002 erimine
816 1934 1058 2001 damnauerunt.
1092 1938 1125 2002 et
1152 1934 1258 2002 dicitis
1284 1933 1432 2002 ‘recedite
1459 1952 1478 1999 n

216 2051 222 2062 ·
327 2040 477 2125 plebibus
503 2041 642 2119 nostris,
676 2058 754 2124 ques
782 2040 916 2118 docetis,
949 2044 987 2106 ut
1013 2041 1107 2109 uotis
1135 2042 1266 2108 credent
1291 2045 1325 2106 et
1351 2028 1525 2107 Christos

329 2166 391 2213 non
406 2141 553 2212 'cremet
577 2166 636 2213 uos
656 2147 740 2212 enim
760 2148 807 2213 eis
827 2146 934 2213 dicitis
958 2151 1087 2232 propter
1109 2147 1289 2225 truditores,
1312 2164 1393 2230 quos
1415 2165 1476 2212 non

329 2253 509 2332 ostenditis,
537 2253 729 2321 remansisse
753 2253 923 2319 ecclesium
947 2252 1066 2320 Christi
1092 2253 1125 2318 in
1153 2254 1222 2319 sols
1245 2252 1352 2319 Africa
1377 2252 1477 2337 pertis

328 2359 456 2433 Donati,
485 2359 571 2445 quod
593 2378 655 2426 non
680 2359 824 2445 delego,
852 2378 913 2425 non
937 2358 976 2426 de
1000 2360 1164 2445 prophete,
1192 2380 1260 2427 nou
1278 2361 1317 2444 de
1339 2359 1474 2444 psalmo,

328 2486 389 2532 non
413 2465 452 2532 de
471 2467 628 2551 sportolo,
653 2486 713 2532 non
737 2464 777 2532 de
799 2466 966 2550 euangelio
994 2467 1051 2532 sed
1074 2466 1112 2532 de
1136 2468 1230 2533 corde
1252 2471 1360 2534 uestro
1384 2466 1476 2531 etde

328 2575 494 2658 parentium
517 2577 699 2638 uestrorum
727 2573 896 2638 columniis
919 2572 1071 2639 recitatis.
1097 2572 1242 2640 Christus
1265 2575 1372 2638 eutem
1400 2571 1477 2637 dicit
1494 2582 1524 2622 ¹⁰

328 2678 565 2765 p'rsedicsri
593 2680 630 2744 in
660 2681 819 2746 nomine
849 2698 920 2746 suo
947 2679 1245 2763 paenitentiam
1275 2683 1314 2744 et
1341 2677 1475 2746 remis-

328 2787 481 2851 sionem
519 2790 784 2869 peccetorum
818 2801 891 2869 per
928 2804 1062 2850 omues
1100 2789 1243 2874 gentes
1281 2785 1476 2869 incipien-

328 2891 443 2959 tibus
471 2891 516 2957 eb
540 2891 813 2967 Hierusalem,
842 2891 895 2957 oui
918 2890 1073 2957 eeclesiae
1097 2910 1133 2957 ex
1156 2910 1208 2957 ore
1231 2891 1351 2958 Christi
1378 2890 1474 2955 muni-

327 2999 463 3070 festntee
481 3018 540 3066 uos
559 3018 621 3066 non
641 2997 886 3064 communicetis
907 3002 939 3063 et
957 2997 1037 3064 ulios
1056 2997 1089 3062 iu
1108 3001 1248 3063 uestrum
1266 2995 1474 3082 perditionem

327 3104 489 3170 trahentes
511 3104 640 3170 liberari
663 3123 723 3170 non
747 3103 859 3172 uultis.
1490 3112 1519 3150 ²³

241 3211 305 3275 113
375 3208 409 3274 si
446 3213 553 3275 autem
581 3209 653 3274 ideo
690 3209 783 3275 uobis
817 3207 1034 3290 displicemus,
1063 3207 1139 3293 quis
1164 3227 1220 3292 per
1249 3208 1472 3292 imperatorum

328 3315 486 3381 iussiones
505 3316 543 3381 ed
563 3316 717 3380 nouitatem
738 3314 900 3398 cogimini,
925 3313 984 3380 hoo
1003 3331 1063 3380 uos
1086 3313 1219 3392 fecistis,
1242 3314 1309 3398 oui,
1333 3314 1473 3380 uticum·

328 3441 390 3506 que
417 3421 574 3487 uellemus
603 3419 783 3504 praedicere
812 3420 991 3488 ueritatem.
1019 3423 1057 3484 nt
1084 3437 1152 3486 eum
1181 3419 1317 3504 quisque
1345 3437 1472 3485 securus

416 3665 449 3718 21
471 3663 535 3720 Luc.
554 3664 598 3720 24.
618 3664 652 3718 47

365 3804 430 3858 lex
449 3806 488 3858 eis
508 3804 622 3859 nnteM
668 3805 822 3875 dindgsnt
840 3803 930 3859 nm
984 3803 1082 3875 poerit]
1102 3802 1239 3873 poscit!
1284 3800 1475 3871 ineque!

364 3896 533 3956 exterminet,
552 3897 622 3948 con.
642 3898 703 3948 sul
721 3893 884 3947 exterminet
900 3892 938 3947 Μ
1007 3891 1071 3947 dnn
1089 3907 1146 3946 ros.
1167 3908 1200 3947 eu·
1217 3892 1254 3946 im
1272 3891 1301 3946 P
1373 3892 1406 3946 13
1424 3907 1472 3960 po·
1620 3879 1621 3928 i

326 3983 383 4037 tius
401 3982 443 4036 illi
461 3980 522 4037 edd.
624 3980 666 4035 iili
684 3997 736 4038 om.
755 3981 784 4036 P
857 3979 1357 4049 ltnobis,n,1sspraduobisR
1445 3979 1473 4033 in

205 4111 208 4118 .
327 4070 429 4124 christo
447 4071 487 4139 (in
505 4068 557 4126 dci.
577 4086 611 4123 m.
620 4073 647 4136 1)
667 4068 696 4124 R
757 4070 792 4130 16
813 4070 852 4123 eis
871 4066 970 4133 osu?
1030 4068 1064 4123 18
1083 4067 1228 4139 prophetis
1245 4066 1300 4122 R·
1330 4069 1363 4123 19
1382 4071 1473 4122 nestro

325 4176 382 4215 ros.
402 4175 436 4214 ec
453 4162 546 4212 nostm
560 4158 589 4214 B
642 4159 678 4214 28
696 4157 872 4212 menifestnte
885 4156 978 4212 MFP
992 4157 1069 4227 (Μ
1085 4155 1271 4229 mmidestrts)
1288 4155 1471 4212 undenum

326 4249 361 4304 24
380 4247 462 4302 ulium
481 4247 518 4304 dl
569 4247 604 4301 27
624 4245 759 4321 cogemini
779 4244 809 4301 F
