3309 4867
620 389 888 460 epistularum
917 388 974 445 cll.
1304 396 1367 458 551

220 586 341 649 utnon
365 586 483 661 essent,
512 586 598 649 certa
620 583 775 650 existente
798 601 896 651 eausa
917 603 974 668 per
1001 590 1099 653 urtam
1126 587 1231 653 eiecit
1252 587 1371 671 potius,

220 692 259 754 ut
285 693 402 755 essent.
435 707 517 773 quae
544 708 606 755 uno
641 691 709 755 sole
737 690 844 769 mede,
878 691 963 757 sieut
991 694 1138 776 superius
1167 693 1240 771 dixi,
1273 692 1371 759 falsae

220 795 493 877 cennineerentur,
518 797 546 861 si
569 796 657 862 nulla
679 795 814 868 uulnera
837 802 1030 865 sanarentur.

398 985 435 1041 IL
453 985 504 1041 ΒΕ
522 985 692 1042 TEMPORE
711 984 956 1044 cflnlsmnnn
975 988 1197 1046 RELIGIONIS.

151 1111 204 1183 8s
265 1114 348 1180 Item
371 1112 435 1178 alie
461 1119 704 1197 preposuerunt,
734 1133 814 1199 quae
839 1114 982 1181 dicerent
1005 1115 1043 1180 de
1065 1115 1240 1201 Porphyrio
1264 1120 1374 1182 eontra

221 1218 417 1286 Christianos
432 1223 596 1303 tamqnam
615 1221 771 1287 ualidiora
785 1220 949 1305 decerpta:
964 1220 1011 1288 ‘si
1025 1220 1193 1301 Christus',
1212 1221 1371 1305 inquiunt,

219 1326 347 1392 ‘salutm
380 1344 415 1392 se
442 1326 529 1391 uiam
564 1324 653 1402 dicit,
687 1327 822 1411 gratiam
852 1330 885 1392 et
916 1327 1085 1394 ueritatem
1117 1326 1149 1394 ii
1178 1346 1275 1411 seque
1302 1327 1372 1394 eolo

219 1432 311 1518 penit
350 1432 465 1498 animis
506 1432 569 1501 sibi
607 1432 808 1499 credentibus
849 1433 999 1511 reditum,
1040 1434 1118 1523 quid
1154 1437 1288 1520 egerunt
1323 1436 1373 1500 tot

220 1538 421 1605 saeculorum
457 1539 602 1605 homines
638 1542 711 1605 aute
749 1539 936 1607 Christum?
973 1546 1010 1605 ut
1046 1540 1217 1618 dimittam,
1257 1539 1372 1623 inquit,

174 1654 364 1730 intempore
396 1648 469 1711 ante
496 1644 622 1711 bubum
655 1650 833 1731 regnatum,
868 1646 908 1711 ab
942 1647 1013 1730 ipse
1040 1647 1132 1713 Latio
1165 1646 1258 1731 quasi
1289 1645 1373 1730 prin·

222 1752 342 1836 oinium
368 1749 500 1826 humani
527 1752 665 1833 neminie
694 1771 870 1818 sumamus.
897 1752 931 1819 in
955 1752 1139 1836 insolentie
1163 1752 1373 1819 unteblbam

221 1857 266 1923 dii
302 1857 381 1924 eniti
418 1860 503 1925 eunt.
540 1857 572 1923 in
604 1857 688 1925 elne
723 1877 824 1942 aeque
860 1857 1029 1944 religiones
1066 1860 1211 1943 ritusque
1245 1858 1373 1925 ualuere

203 1964 423 2049 templorum.
453 1983 515 2031 non
538 1964 744 2049 paucioribus
766 1964 904 2031 saeculis
927 1965 999 2049 ipse
1021 1965 1123 2032 Roma
1143 1965 1241 2051 longo
1264 1983 1374 2031 saecu

218 2069 324 2136 lorum
350 2072 456 2141 traetu
488 2070 556 2150 sine
584 2069 764 2138 Christiana
793 2071 865 2156 lege
891 2070 964 2136 fuit.
997 2070 1085 2154 quid,
1115 2071 1232 2155 inquit,
1264 2073 1372 2137 aetum

174 2206 202 2248 u
220 2176 260 2243 de
286 2180 353 2243 tam
379 2177 554 2243 innumeris
577 2176 703 2257 animis,
732 2196 813 2262 quaa
836 2176 964 2243 omnine
991 2177 1025 2243 in
1048 2178 1144 2262 eulpa
1170 2177 1260 2245 nulla
1286 2178 1371 2256 runt,

220 2280 249 2349 si
282 2283 410 2366 quidem
442 2284 483 2360 is,
521 2282 573 2348 eui
605 2282 692 2350 aredi
727 2285 849 2368 posset,
888 2281 1028 2349 nondum
1065 2283 1239 2350 aduentum
1274 2301 1371 2351 suum

219 2388 403 2455 bominibus
440 2387 677 2476 eommoderat?
713 2389 798 2456 orbis
832 2409 959 2475 qunque
992 2408 1065 2463 enm
1100 2388 1172 2474 ipss
1202 2389 1304 2455 Roma
1338 2388 1370 2454 in

218 2495 336 2562 ritibus
361 2494 559 2578 templorum
584 2495 694 2561 ualuit.
729 2514 836 2578 quare¹
867 2495 982 2578 inquit,
1015 2496 1157 2563 saluatur
1183 2495 1239 2581 qui
1266 2493 1371 2561 dietus

221 2608 282 2682 est
310 2622 381 2669 aene
407 2606 459 2670 tot
486 2602 623 2669 saeculis
653 2603 825 2669 subduxit?
854 2602 978 2669 sedne
1006 2602 1121 2682 dieunt,
1154 2601 1267 2686 inquit,
1299 2602 1371 2687 lega

174 2737 203 2777 ro
220 2710 351 2779 Iudaiea
372 2713 480 2776 uetere
508 2709 672 2793 bominum
696 2712 843 2774 curatum
870 2727 983 2794 genus,
1010 2708 1105 2795 longo
1133 2712 1209 2794 post
1230 2710 1372 2789 tempere

310 2970 405 3028 tlon.
426 2971 470 3033 14,
489 2971 506 3027 6

259 3146 273 3200 l
292 3150 324 3202 nt
341 3163 402 3211 em..
419 3150 486 3204 nat
504 3145 570 3202 add.
591 3145 621 3209 a
700 3148 905 3200 certa-eareat
922 3161 973 3201 om.
996 3143 1021 3198 0
1090 3145 1199 3207 exsiste,
1216 3146 1283 3199 nat
1301 3143 1371 3199 exsi-

220 3237 322 3308 stentia
338 3235 379 3290 1²⁸
400 3235 574 3291 exsistentiae
591 3234 630 3290 Ρι
725 3234 816 3289 effecit
840 3239 923 3303 (post.
943 3251 958 3288 e
978 3249 1010 3289 ear
1033 3249 1101 3288 corr.
1120 3236 1196 3297 m)
1216 3232 1253 3286 P¹
1277 3231 1371 3295 effluit,

220 3312 286 3379 tra
303 3324 394 3380 erait
411 3323 462 3380 no
480 3323 566 3378 ernon
584 3322 646 3377 Pru
663 3322 789 3393 mppr
807 3322 866 3377 eoa.
891 3321 954 3377 Vas.
973 3328 999 3377 er
1017 3321 1110 3377 Parra.
1130 3323 1223 3375 uera
1290 3321 1308 3374 e
1326 3337 1371 3375 ³0-

219 3414 275 3469 lum
295 3412 349 3469 PG
406 3411 471 3467 411
489 3429 540 3467 em.
559 3410 671 3467 Aaou
745 3411 958 3480 ‹ie-religionis
977 3410 1076 3466 om.G
1135 3412 1269 3466 beontra
1293 3408 1371 3465 Chri·

221 3503 323 3558 stianus
341 3518 394 3559 nm.
413 3500 445 3556 Ε
513 3504 577 3556 6sa
596 3502 726 3571 inquiunt
744 3501 839 3554 salutis
859 3499 919 3555 edd.
990 3501 1053 3554 iae
1073 3516 1123 3554 om.
1143 3500 1174 3554 E
1230 3498 1371 3553 Sasima-

221 3591 273 3647 bns
290 3590 321 3645 H
390 3589 464 3660 qued
482 3589 509 3644 A
577 3592 609 3645 11
629 3589 758 3660 nominis]
777 3588 894 3643 bominis
913 3585 977 3642 HE
1030 3589 1063 3643 12
1082 3604 1185 3659 aequae
1204 3586 1237 3641 H
1307 3587 1371 3642 reli·

222 3680 313 3752 gionis
330 3679 358 3734 A
429 3678 500 3733 ritus
519 3694 596 3749 quaa,
614 3681 680 3731 sat
699 3678 796 3747 ritusq,
817 3676 844 3731 θ
914 3677 947 3730 13
966 3676 1117 3746 potioribus
1137 3693 1198 3731 essm
1215 3691 1272 3730 rue.
1290 3691 1374 3745 uper

216 3785 262 3838 pr.
282 3786 298 3824 e
316 3766 351 3822 H
456 3766 603 3821 aaeeuliG
694 3766 776 3834 longe
796 3783 830 3819 ar
849 3781 927 3829 eurr..
942 3765 1034 3833 fuisse
1050 3765 1109 3820 sse'd.
1128 3765 1214 3835 leuga
1231 3762 1265 3818 H
1280 3764 1372 3833 longa,

221 3855 387 3926 m.2lengu
405 3855 468 3910 MP
557 3856 591 3909 14
608 3854 683 3930 lege]
703 3854 834 3923 religione
854 3854 884 3908 Ε
929 3855 1002 3925 ‚15
1021 3853 1119 3908 animis
1137 3853 1187 3923 (mi
1204 3853 1235 3907 s'ss
1252 3857 1322 3918 rae.)
1341 3851 1375 3906 H

222 3945 328 4009 animis,
350 3948 421 4001 emt
441 3944 456 3997 1
479 3944 620 3998 animabus
638 3943 666 3997 P
688 3943 785 3997 animis
809 3944 880 3995 ml?
901 3958 962 4010 exp.
987 3947 1021 4001 et,
1039 3943 1114 4010 quod
1135 3957 1223 4010 aspra
1240 3941 1373 4010 ambitum

216 4034 287 4103 suit,
305 4049 391 4100 παις
408 4033 440 4086 in
453 4048 538 4103 maru.
552 4036 618 4085 rat
636 4031 778 4085 animabus
795 4030 819 4085 G
841 4030 981 4084 animabus
1001 4047 1033 4083 em
1051 4046 1120 4084 corr.
1134 4045 1169 4083 m.
1179 4034 1202 4087 1.
1216 4029 1304 4096 reim
1313 4028 1373 4082 reid.

222 4121 385 4177 animalibus
403 4123 431 4175 A
450 4121 593 4175 animabus
612 4120 642 4174 Ε
716 4135 798 4188 super
816 4135 869 4190 que
889 4133 944 4173 rua.
967 4118 992 4173 G
1013 4118 1059 4188 qui
1077 4117 1138 4172 edd.
1248 4116 1275 4170 in
1297 4116 1374 4171 nulla

221 4211 297 4266 nulla
314 4208 348 4264 H
438 4209 471 4263 16
490 4209 533 4263 hia
551 4209 582 4263 E
666 4208 699 4262 19
718 4206 846 4270 subdinit,
866 4211 927 4261 nel
945 4221 1014 4261 eurr.
1034 4205 1163 4261 subduxit
1181 4203 1213 4260 H
1283 4204 1374 4275 inquit

224 4299 317 4355 dieunt
335 4299 396 4356 edd.
1348 4316 1356 4327 ·
