3309 4867
127 3646 140 3683 t

503 384 772 455 epistularum
803 385 948 440 LXXXIII.
968 386 1111 443 LXXXIV.
1318 393 1383 458 393

232 576 391 655 interdum
413 595 471 660 per
492 563 621 664 exiguas
646 579 808 644 chartulas
833 580 975 662 loquitur
997 584 1030 647 et
1052 601 1105 647 eas
1129 582 1257 664 quidem
1275 550 1385 666 plures

233 683 367 750 aliarum
408 703 556 751 curamus
596 688 630 750 et
670 685 870 770 negotiorum
912 687 1044 753 refertas
1086 708 1180 771 qutun
1222 693 1384 773 portantes
1480 689 1489 693 ’

234 789 355 873 aliquid
377 780 557 861 nustrbrum
580 793 612 857 iu
636 792 757 859 ‘Christi
781 793 942 858 suauitate
965 798 1142 875 pratorum!

164 892 186 954 2
277 897 340 963 Hie
371 885 504 967 ibreitan
537 898 640 964 dieas:
676 897 769 978 Quid
803 896 907 964 eninr?
941 903 972 965 et
1005 901 1089 983 apud
1122 921 1179 968 uas
1216 906 1384 987 germanus

202 1023 325 1069 anneus
353 1003 507 1070 eeclesIae
534 1024 595 1070 non
625 1005 686 1070 erit
707 1005 799 1071 utilis
823 1007 1139 1089 autprapte1·aliud
1163 1027 1235 1074 eum
1259 1028 1384 1074 mecum

233 1109 347 1176 habere
370 1110 548 1177 desidero?
570 1112 662 1195 plane
686 1111 715 1176 si
737 1114 863 1179 tantum
885 1113 941 1183 ibi.
966 1116 1119 1195 quantum
1142 1114 1194 1180 hie
1217 1115 1296 1180 milri
1315 1117 1384 1180 eius

231 1206 410 1299 praesentia
440 1217 601 1292 lue-randis
633 1217 688 1283 uel
719 1217 867 1302 regendis
895 1218 1011 1284 ouibus
1039 1218 1158 1285 domini
1187 1221 1276 1287 utilis
1297 1221 1385 1287 uide-

231 1324 328 1402 retur,
359 1342 421 1390 non
454 1323 525 1389 dito
558 1306 708 1388 (turibium
727 1322 798 1388 sel
831 1322 1032 1406 iniquitatem
1064 1344 1166 1389 meam
1200 1344 1291 1392 neme
1323 1347 1384 1393 nou

231 1430 299 1495 iure
327 1429 479 1513 culparet.
512 1431 569 1497 sed
592 1450 664 1495 eum
690 1429 802 1494 Latina
824 1428 943 1515 lingua,
969 1432 1060 1497 euius
1083 1431 1190 1515 inopia
1212 1433 1242 1497 in
1266 1434 1385 1499 nostris

185 1562 214 1601 ro
231 1537 413 1622 regionibus
442 1538 629 1623 euangelica
650 1537 845 1619 dispensatio
869 1537 1007 1602 multum
1031 1537 1163 1616 laborat,
1187 1538 1253 1605 illie
1276 1544 1383 1605 antem

232 1627 375 1710 eiusdem
398 1644 527 1729 linguae
550 1663 629 1709 usus
654 1644 780 1709 omnino
804 1644 857 1720 sit,
881 1679 925 1690 —
949 1643 1034 1710 itane
1062 1663 1173 1710 censes
1200 1665 1257 1711 nos
1286 1646 1385 1712 saluti

231 1749 373 1832 plebium
406 1750 525 1816 domini
559 1753 702 1833 opertere
736 1740 910 1827 consulere,
937 1754 974 1814 ut
997 1750 1076 1815 hana
1098 1751 1283 1818 fucultatem
1304 1752 1383 1818 illue

230 1856 398 1925 mittamus
431 1861 464 1922 et
495 1856 569 1922 hine
602 1857 793 1934 auferamus,
825 1857 882 1921 ubi
917 1875 986 1922 eam
1017 1874 1132 1942 magno
1160 1857 1265 1924 cordis
1292 1863 1385 1924 aestu

230 1963 445 2046 requirimus?
473 1963 513 2029 da
539 1964 648 2054 itaque
667 1962 809 2053 ueniam,
841 1963 924 2049 quod
948 1980 1008 2027 non
1032 1963 1137 2028 solum
1161 1948 1269 2030 cuntm
1290 1950 1384 2030 tuum

185 2090 214 2134 ra
231 2068 426 2137 desiderium
458 2070 515 2135 sed
548 2071 644 2135 etlam
676 2072 785 2136 souma
812 2088 939 2135 sensum
969 2069 1196 2159 enarrassem,
1225 2070 1384 2154 quadrae

223 2175 333 2243 iacere
361 2161 502 2243 sarainae
529 2180 656 2242 nestrae
685 2194 761 2241 cura
789 2174 987 2259 constringit.
1022 2174 1111 2240 dabit
1136 2176 1196 2240 tibi
1224 2176 1383 2253 domiuus.

230 2281 263 2348 in
296 2296 370 2368 quo·
390 2283 531 2368 pusuisti
559 2300 615 2348 eor
640 2286 746 2359 tuum,
774 2285 812 2347 ut
840 2283 922 2348 tales
951 2281 1016 2348 sint
1037 2281 1162 2347 labores
1186 2284 1244 2348 tui.
1268 2287 1305 2349 ut
1327 2302 1383 2367 pre

231 2388 295 2463 iste
314 2388 469 2456 beneficio
489 2389 716 2464 remunereris;
737 2389 783 2453 sin
804 2388 887 2460 enim
906 2387 1070 2471 regionum
1086 2393 1264 2456 nostrarum
1278 2390 1386 2456 arden·

231 2496 375 2563 tissimus
403 2496 459 2566 siti
489 2496 658 2583 disemum
681 2494 841 2562 Lucillum
865 2498 902 2558 tn
925 2493 1033 2577 pot—lus
1058 2496 1260 2569 cencessIsti;
1285 2515 1386 2581 neque

185 2627 213 2668 rr
232 2602 315 2668 enim
347 2614 458 2688 parum
491 2602 680 2688 praestabis,
713 2620 785 2667 cum
819 2602 859 2666 de
891 2599 953 2664 luae
980 2619 1014 2664 re
1040 2600 1130 2666 nullu
1155 2601 1307 2684 petitione
1335 2623 1385 2668 me

230 2710 367 2778 ulterius
390 2711 546 2790 onerabis,
569 2728 608 2775 ne
630 2709 712 2775 nihil
735 2708 822 2773 aliud
847 2726 943 2790 quam
967 2705 1076 2773 dulim
1098 2727 1262 2792 appaream
1292 2727 1385 2774 uene·

230 2816 325 2882 rabili
346 2816 428 2882 mihi
450 2820 483 2886 et
506 2818 634 2883 sanctae
657 2813 892 2885 beniuolentiae
915 2817 1001 2879 tuae.

267 3005 492 3078 tnegIorumT
557 3006 700 3061 beraulte
724 3004 749 3058 Τ
814 3006 900 3059 tuos
923 3003 950 3059 U
1014 3003 1173 3058 telesilero
1193 3020 1227 3059 ea
1246 3002 1384 3058 desideras

230 3094 333 3150 ΜΕ
387 3094 437 3166 ibi]
450 3094 502 3149 tibi
516 3094 610 3163 sirm
651 3091 809 3148 luideatur
826 3093 877 3147 Vb·
912 3092 1136 3147 banacolutbun
1150 3106 1287 3146 remouere
1300 3104 1384 3146 conre-

231 3183 338 3238 baatta·
350 3182 486 3239 Maurina'
501 3183 688 3238 conaerentes
700 3181 748 3236 sed
768 3178 827 3235 eum
847 3180 948 3235 calleat
960 3180 1087 3235 Latinam
1107 3180 1229 3249 liugnam
1285 3180 1385 3234 Latius

231 3272 328 3342 lingua
350 3272 439 3343 cuine]
460 3273 528 3327 Ant.
548 3272 694 3327 ernoldus
713 3271 760 3337 (de
779 3272 809 3325 la
828 3271 930 3325 lecture
948 3270 981 3323 de
1000 3270 1018 3323 Γ
1038 3271 1156 3323 renatare
1173 3269 1272 3332 euitare,
1291 3269 1385 3323 Paria.

211 3364 312 3417 ‘1630
334 3362 352 3416 l.
376 3361 416 3416 H
436 3377 457 3418 e.
482 3363 531 3429 10)
555 3361 669 3416 conubii
692 3360 813 3415 Punicae
836 3360 946 3429 linguae
1040 3360 1070 3413 ll
1096 3355 1186 3411 itane·
1208 3360 1234 3422 (e
1257 3364 1339 3416 eruat
1358 3357 1386 3411 R

233 3452 268 3507 12
287 3449 340 3505 d'm
360 3450 395 3503 H
478 3450 536 3505 illic
554 3450 632 3505 codd.
652 3449 878 3519 eddaepraeterm
971 3449 1003 3501 17
1022 3446 1125 3501 laberis
1144 3446 1174 3507 H
1265 3443 1297 3500 18
1316 3445 1389 3500 sIY

235 3541 269 3596 le
287 3554 331 3608 ue,
349 3555 418 3596 eom.
437 3543 497 3593 nal
515 3553 603 3609 neque
627 3536 654 3594 U
711 3526 764 3592 '20
782 3535 935 3608 praestabis
954 3552 988 3591 ex
1006 3536 1181 3606 praestabitis
1202 3538 1260 3588 m.1
1279 3532 1306 3588 R
1324 3548 1385 3605 pre·

231 3627 319 3684 stabit
341 3627 397 3684 VU
