3309 4867
321 413 386 478 «102
686 410 713 465 S.
740 409 878 467 Aureli
903 411 1123 481 Augustini
1187 425 1194 437 ·

321 602 605 680 antiochenorum,
637 602 743 682 Ponti,
777 601 940 683 Galatiae,
978 603 1198 688 Cappadociae
1237 609 1481 690 ceterammqne

322 710 408 779 orbis
431 708 570 793 partium
593 708 632 774 ab
661 709 818 792 apostolis
840 709 872 774 in
897 708 1025 776 Christo
1048 709 1286 778 aedificatarum
1309 717 1367 780 ant
1382 731 1483 780 nosse

321 817 428 901 potnit
448 818 507 882 ent
529 814 670 881 damnari
692 835 712 882 a
734 815 829 882 uobis
848 816 977 895 meruit,
1001 816 1076 901 quia
1095 837 1155 915 pon
1173 814 1304 901 potuit?
1322 822 1356 885 et
1371 823 1483 889 tamon

321 924 369 989 cis
400 942 468 1002 non,
494 922 745 988 communicatis.
765 927 799 988 et
827 921 935 991 dicitis
962 941 1024 989 non
1054 942 1125 991 esse
1149 923 1345 991 Christianos
1368 929 1401 991 at
1424 943 1482 991 eos

320 1026 519 1113 rebaptizare·
553 1028 721 1095 conamini.
760 1027 839 1112 qnid
876 1028 1001 1094 dicam?
1039 1028 1117 1112 qnid
1148 1034 1283 1114 querar?
1314 1036 1372 1096 ant
1401 1030 1482 1115 qnid
1513 1054 1527 1094 e

322 1136 517 1203 exclamem?
559 1134 588 1199 si
629 1152 702 1217 cum
744 1134 872 1199 homine
915 1134 1044 1201 cordato
1084 1137 1209 1220 loquor,
1250 1136 1482 1223 indignationis

321 1240 418 1306 huius
455 1240 584 1306 aculeos
621 1244 729 1306 tecum
765 1241 936 1326 participo;
975 1260 1048 1309 nam
1087 1242 1178 1308 uides
1210 1243 1368 1328 profecto,
1396 1261 1482 1326 qnae

322 1347 471 1421 dicerem,
496 1347 524 1412 si
547 1348 666 1412 uellem
695 1348 810 1414 dicere.
933 1380 964 1413 κ

277 1459 297 1522 6
365 1454 414 1520 An
452 1454 534 1520 torte
571 1454 714 1519 iecerunt
750 1455 833 1520 inter
874 1474 909 1519 se
941 1454 1078 1522 maiores
1110 1455 1211 1522 nestri
1243 1455 1413 1522 concilium
1448 1457 1483 1521 et

322 1559 555 1647 damnauerunt
586 1567 710 1643 praeter
742 1580 777 1626 se
804 1558 912 1626 totoni
939 1562 1046 1628 orbem
1071 1561 1308 1629 Christianum?
1331 1561 1415 1628 itane
1441 1562 1482 1628 ad
1500 1586 1525 1624 ω

322 1667 382 1734 hoe
412 1667 567 1753 perducta
598 1673 649 1734 est
680 1688 786 1735 rerum
819 1668 1023 1745 existimatio,
1051 1673 1090 1734 nt
1117 1668 1289 1735 concilium
1316 1668 1483 1734 Maximia-

320 1774 476 1853 nensinm,
510 1775 565 1857 qui
593 1775 631 1840 de
660 1779 769 1840 uestra
795 1775 992 1859 praecisione
1019 1775 1154 1859 praecisi
1178 1776 1266 1855 sunt,
1289 1775 1365 1859 qnia
1386 1774 1482 1839 uobis

321 1880 495 1964 comparati
513 1880 699 1963 pancissimi
718 1885 804 1958 sunt,
823 1901 885 1947 non
904 1882 1012 1947 ualeat
1030 1881 1185 1947 aduersus
1205 1900 1265 1948 uos
1284 1884 1317 1946 et
1334 1883 1482 1945 nestrum

322 1987 493 2052 concilium
517 1986 625 2063 ualeat
647 1986 802 2053 aduersus
832 1991 978 2076 gentes
1012 1988 1288 2054 hereditatem
1322 1986 1483 2054 Christi

322 2098 362 2159 et
393 2091 705 2176 possessionem
743 2093 834 2157 eius
870 2092 1072 2158 terminos
1108 2096 1267 2158 torrae?
1304 2092 1416 2169 miror,
1453 2091 1482 2157 si
1499 2117 1524 2158 u

322 2198 418 2264 habet
449 2199 481 2263 in
516 2215 646 2281 corpore
680 2199 880 2283 sanguinem,
913 2199 969 2282 qui
1002 2198 1041 2264 de
1069 2199 1129 2264 hac
1155 2217 1190 2265 re
1217 2217 1281 2265 non
1307 2197 1482 2264 erubescit.

250 2390 253 2397 ,
322 2304 459 2391 mactito
483 2303 522 2368 ad
545 2305 618 2382 ista,
642 2324 777 2388 quaeso,
803 2325 821 2369 a
843 2304 1005 2371 nonnullis
1029 2306 1124 2381 enim,
1154 2305 1272 2389 quibus
1299 2323 1362 2371 non
1387 2303 1484 2388 potui

314 2430 383 2495 ,non
412 2409 548 2491 credere,
578 2408 688 2477 audiui
716 2414 748 2475 te
775 2411 1019 2492 rescripturum,
1051 2411 1079 2477 si
1111 2411 1170 2476 tibi
1202 2409 1384 2476 scriberem.
1415 2409 1483 2476 iam
1525 2470 1527 2472 ,

322 2517 418 2582 etiarn
449 2515 572 2600 pridem
606 2517 681 2583 misi
711 2510 809 2583 unam
843 2518 1027 2600 epistulam,
1061 2536 1156 2601 quam
1186 2521 1292 2583 nuum
1321 2516 1482 2600 acceperis

321 2624 374 2689 uel
407 2624 436 2688 ei
464 2622 664 2706 responderis
693 2627 726 2688 et
753 2624 835 2690 tonte
863 2642 923 2708 ege
952 2628 1042 2689 tuam
1065 2642 1126 2689 non
1150 2624 1338 2708 acceperim,
1361 2622 1481 2688 nescio.
1499 2630 1563 2687 aa*

321 2748 403 2808 nunc
427 2728 553 2794 inte'rim
576 2734 663 2812 peto,
688 2730 829 2799 adhaec
859 2729 1048 2812 respondere
1072 2750 1110 2796 ne
1133 2730 1287 2815 genueris,
1312 2728 1397 2812 qnod
1418 2728 1483 2793 tibi

321 2837 458 2902 uidetur.
492 2834 549 2901 aed
582 2836 647 2901 noli
680 2840 711 2900 te
740 2837 772 2901 in
800 2816 880 2902 alias
908 2836 1023 2902 tollere
1047 2836 1265 2919 quaestionem
1299 2826 1373 2900 hinc
1395 2834 1482 2900 eninr

322 2946 417 3026 capnt
440 2944 490 3009 est
513 2942 769 3009 ordinatissimae
793 2942 1022 3025 inquisitionis,
1048 2962 1104 3008 cur
1127 2942 1268 3009 schisma
1285 2942 1405 3007 factum
1424 2940 1480 3005 sit.

278 3057 296 3121 7
366 3046 449 3114 Nam
471 3051 506 3114 et
528 3050 669 3113 terrenae
691 3044 968 3131 potestates‘cum
992 3048 1216 3113 schismaticos
1235 3049 1481 3131 persequuntur,

323 3174 359 3220 ea
381 3157 492 3240 regalia
516 3173 552 3221 se
580 3154 764 3231 defendunt,
793 3175 856 3239 qua
883 3154 962 3221 dicit
990 3156 1169 3239 apostolus:
1203 3152 1280 3235 Qui
1309 3152 1523 3222 resistitis
1621 3132 1622 3155 ¹

321 3261 540 3346 potestati,
567 3260 630 3326 dei
655 3261 908 3339 ordinationi
930 3242 1116 3337 res'istit;
1136 3262 1205 3345 qni
1228 3264 1363 3328 autern
1380 3262 1479 3327 resi·
1621 3298 1622 3329 r

322 3371 450 3445 stunt,
487 3367 573 3449 ipsi
611 3367 693 3432 sibi
733 3366 939 3433 indicium
982 3368 1222 3451 adquirunt3
1265 3354 1502 3452 principes

322 3474 426 3538 enim
464 3490 538 3537 non
573 3477 668 3538 sunt
700 3473 842 3539 timori
875 3475 977 3540 bono
1012 3475 1123 3558 operi
1156 3472 1226 3539 sed
1259 3474 1373 3538 malo.
1410 3473 1478 3537 nis
1621 3474 1622 3479 ’

413 3715 445 3769 14
464 3712 510 3770 Pa.
530 3715 555 3775 2,
575 3713 592 3768 8
647 3715 683 3770 25
701 3714 778 3768 Rom.
800 3715 842 3777 13,
861 3716 932 3769 2-4

302 3857 325 3935 '¹
356 3857 422 3911 ooo
440 3859 506 3909 onte
524 3855 615 3909 dicitis
634 3854 686 3910 aa.
705 3859 772 3910 Μ
790 3855 817 3911 Β
924 3855 1053 3911 edicam
1078 3854 1155 3925 qnid]
1180 3854 1270 3909 dicem
1290 3859 1339 3908 ant
1356 3852 1421 3925 qnid
1440 3851 1479 3907 Μ

321 3944 466 4001 Ghomine
484 3944 535 4012 (u
555 3948 638 4011 eras.)
657 3943 685 3997 P
737 3944 864 3999 didicere
883 3945 981 3999 uellem
1001 3945 1029 4001 R
1089 3945 1122 3999 la
1141 3942 1360 3999 uos—adnotans
1378 3957 1429 3997 oar.
1449 3942 1478 3996 P

323 4033 356 4088 14
373 4032 610 4101 hereditatemque
628 4031 656 4088 R
702 4033 735 4088 15
754 4033 843 4087 minor
861 4037 888 4087 A
927 4034 959 4086 11
979 4032 1111 4087 rescribat
1128 4034 1225 4088 ietaA
1265 4029 1478 4087 18nonorrr.R
1530 4006 1560 4041 ρ

322 4123 356 4176 19
374 4121 468 4191 etiam]
489 4120 560 4175 enim
580 4119 606 4172 P
686 4120 802 4191 pridem]
823 4119 934 4189 quidem
952 4120 981 4176 R
1029 4123 1191 4193 vsusciperis
1215 4121 1247 4176 F
1329 4121 1365 4176 22
1385 4118 1476 4175 nolite

319 4209 348 4262 in
367 4210 394 4263 A
461 4209 496 4264 25
515 4209 581 4279 qnia
599 4209 620 4277 (1
638 4213 709 4278 exp.)
729 4209 758 4263 P
832 4210 965 4279 potestati
983 4210 1088 4263 resistit
1105 4210 1165 4264 edd.
1252 4209 1288 4265 26
1307 4208 1476 4264 ordinationi

320 4314 378 4352 rae.
397 4303 442 4362 (eor
455 4289 668 4367 ordinationi)
686 4297 718 4351 F
769 4297 804 4351 28
822 4298 888 4351 boni
909 4298 998 4367 operis
1017 4298 1044 4352 P
1113 4299 1195 4364 malo,
1214 4301 1280 4353 m
1296 4297 1362 4352 meli
1380 4298 1407 4350 P
