3309 4867
321 297 387 362 630
673 294 700 350 S.
726 295 866 354 Aureli
892 293 1109 365 Augustini

320 488 409 566 tatis,
437 488 553 570 quibus
576 489 732 555 aduersus
758 508 818 555 uos
842 483 969 573 semper
990 490 1148 556 catholica
1170 490 1306 557 ecclesia
1327 508 1470 557 commo·

320 597 389 660 nita
414 598 474 672 est,
506 598 543 660 nt
573 615 632 661 uec
663 594 744 661 illnd
771 596 810 661 de
836 614 920 680 aqua
946 595 1109 661 alienant
1136 597 1175 662 de
1202 615 1284 681 aqnn
1310 595 1470 662 mendacii

322 704 356 770 et
372 702 499 767 lauacro
518 700 636 777 mortni
654 705 687 767 et
705 702 733 769 si
752 721 815 784 qna
833 700 897 767 alia
914 705 991 768 sunt
1008 702 1105 770 buius
1123 702 1222 781 modi,
1241 702 1327 769 nunt
1344 701 1470 781 soletis,

321 806 535 892 intellegenda
552 807 692 887 fumans,
711 808 769 873 sed
787 826 824 872 eo
842 807 953 892 potins
969 806 1076 874 modo.
1094 810 1134 873 ut
1150 808 1329 892 baptismus
1347 806 1469 874 Christi

322 912 361 977 ad
389 912 661 997 participationem
690 912 804 980 salutis
833 919 977 980 aeternae
1005 914 1097 980 datus
1126 914 1279 982 ecdesine
1300 932 1360 981 nec
1381 918 1472 981 extra
1505 934 1523 976 s

321 1019 490 1085 ecclesiam
512 1020 672 1086 iudicetur
689 1026 856 1088 extraneus
879 1039 937 1086 nec
960 1020 991 1086 in
1010 1020 1122 1087 slienis
1141 1022 1312 1106 deputetur
1332 1022 1469 1098 alienus,

321 1125 378 1191 sed
406 1127 560 1196 extraneis
589 1132 623 1192 et
649 1127 760 1193 alienis
787 1126 898 1195 ualeat
923 1126 964 1193 cd
989 1127 1173 1213 perniciem,
1205 1129 1273 1195 suis
1299 1132 1407 1195 antem
1433 1129 1470 1193 et

321 1232 458 1316 propriis
485 1234 524 1299 ad
553 1233 690 1302 salutem
718 1237 815 1318 atquc
842 1233 875 1299 in
903 1233 980 1312 illis,
1008 1252 1082 1300 oum
1110 1233 1150 1300 ad
1175 1254 1287 1320 pacem
1313 1231 1469 1300 eeclesiae

321 1342 559 1418 conuertuntur,
581 1359 667 1407 error
689 1340 884 1419 emendetur,
911 1358 974 1406 non
997 1342 1231 1407 sacramentnm
1250 1359 1389 1407 verrorem
1409 1357 1469 1424 pn·

321 1443 412 1510 niens
436 1445 619 1513 destruatur
645 1450 745 1531 utque
772 1446 816 1526 id,
840 1445 925 1531 quod
949 1446 1060 1513 oberat
1085 1447 1163 1512 ioris
1189 1465 1352 1531 peruereo,
1378 1445 1467 1511 intus
1490 1466 1521 1507 se

321 1549 456 1634 incipiat
481 1552 632 1637 prodesse
660 1557 813 1631 correcto,
841 1572 899 1619 nec
926 1552 983 1619 illa
1009 1567 1120 1619 rursus
1143 1554 1182 1619 de
1207 1572 1271 1619 uon
1292 1551 1467 1619 communi·

322 1656 422 1726 tando
453 1660 595 1744 peccatis
622 1659 746 1740 alienis,
772 1659 812 1726 ds
840 1658 1039 1744 separatione
1067 1679 1087 1724 a
1112 1629 1217 1737 mulis:
1231 1645 1284 1726 ¹de
1310 1676 1372 1725 non
1398 1660 1468 1724 tau·

322 1763 424 1847 gendo
455 1764 607 1834 inmundo
639 1770 735 1848 atque
766 1766 903 1851 polluto,
936 1765 975 1831 de
1002 1765 1145 1832 cauenda
1174 1764 1292 1833 modici
1321 1763 1468 1831 fermenti

322 1870 523 1953 corruptione
550 1875 584 1937 et
611 1874 716 1937 cetera
742 1873 829 1950 talia,
862 1871 949 1938 sicut
979 1872 1104 1952 soletis,
1135 1875 1324 1956 accepturus
1352 1889 1397 1949 es,
1427 1888 1468 1936 ne

321 1992 382 2039 uos
413 1975 445 2040 in
476 1976 659 2043 Maximiani
691 1997 788 2044 causa
818 1967 1084 2061 inexplicabiliter
1114 1977 1297 2061 implicetis,
1334 1977 1391 2044 sed
1421 1975 1469 2041 ita
1488 1995 1519 2040 ιι

322 2082 448 2165 sapiens
479 2084 540 2151 boc
572 2084 710 2163 adseres,
737 2084 797 2152 boc
829 2084 964 2163 tenebis,
992 2083 1077 2169 quod
1109 2103 1185 2151 sena
1216 2084 1359 2151 doctrina
1384 2102 1469 2148 com·

321 2187 460 2266 mendat,
491 2188 578 2271 quod
613 2208 687 2254 uera
719 2191 832 2275 regula
858 2188 1012 2275 exemplis
1041 2188 1236 2273 propheticis
1267 2191 1364 2272 atque
1395 2206 1470 2271 apo

322 2293 446 2359 stolicis
473 2296 587 2379 probet
612 2297 714 2362 malos
742 2315 814 2362 esse
840 2295 949 2381 potins
976 2295 1169 2374 tolerandos,
1200 2315 1240 2361 ne
1267 2295 1471 2360 destruantur

321 2399 408 2478 boni,
431 2420 526 2484 quam
549 2402 650 2468 bonos
673 2401 876 2483 deserendos,
903 2405 943 2468 nt
964 2404 1150 2486 separentur
1170 2400 1257 2480 mali,
1283 2403 1410 2467 tantum
1432 2402 1471 2466 ut

323 2505 362 2571 nb
389 2506 578 2587 imitatione,
607 2528 627 2573 a
648 2510 866 2585 consensione,
893 2528 913 2573 a
938 2509 1026 2574 uitae
1053 2527 1091 2574 uc
1112 2518 1237 2574 morum
1259 2505 1470 2575 similitudine
1487 2530 1519 2572 ιι

322 2613 446 2696 reprobi
482 2614 689 2700 coiungantur
718 2615 817 2682 simul
848 2618 1037 2692 crescentes,
1073 2615 1173 2682 simul
1201 2615 1234 2680 in
1265 2613 1471 2680 tribulatione

323 2720 480 2803 permixti,
503 2721 601 2788 simul
619 2722 700 2787 iutra
718 2722 801 2787 retia
818 2721 1004 2808 congregati
1022 2740 1124 2804 usqne
1142 2720 1182 2787 ad
1199 2724 1326 2804 tempus
1343 2718 1472 2797 messis,

324 2823 542 2892 uentilationis
571 2831 605 2893 st
634 2826 760 2893 litoris?
788 2828 828 2893 de
860 2827 1080 2911 persecutione
1112 2829 1220 2892 antem
1247 2825 1401 2911 quicquid
1431 2824 1472 2891 ed

323 2931 525 3015 expellendos
552 2936 586 2998 et
612 2933 743 2999 sedibus
769 2932 1003 3018 proturbantes
1030 2932 1280 2999 Maximianistaa
1307 2951 1328 2998 a
1351 2930 1472 2998 uestris

323 3056 381 3123 per
411 3038 533 3105 iudices
565 3044 673 3105 actum
706 3042 767 3118 est,
799 3057 863 3123 quo
894 3040 990 3105 modo
1023 3038 1210 3107 defensurus
1238 3057 1283 3116 es,
1315 3039 1379 3107 nisi
1409 3037 1471 3104 boc
1488 3062 1519 3104 ss

322 3143 544 3227 prudentiores
571 3150 698 3213 uestros
722 3145 900 3232 corrigendi
926 3147 1042 3224 animo,
1069 3164 1131 3211 non
1154 3145 1286 3222 nocendi
1307 3143 1471 3211 moderato

323 3253 442 3316 terrore
469 3252 599 3328 fecisse3
633 3252 662 3318 si
689 3253 743 3335 qui
775 3256 883 3318 autern
911 3251 1085 3317 humanum
1111 3251 1241 3317 modum
1269 3252 1473 3317 excesserunt

324 3357 410 3422 siout
435 3356 468 3422 in
496 3358 558 3436 hie,
586 3377 667 3442 quae
690 3357 835 3425 Saluium
858 3356 1160 3424 Membressitannm
1188 3375 1258 3423 esse
1284 3374 1472 3442 perpessum

324 3462 441 3530 ciuitas
467 3464 538 3549 ipsa
560 3468 705 3540 testatur,
732 3484 794 3530 non
822 3463 1035 3550 praescribere
1059 3463 1173 3529 ceteris
1196 3465 1358 3546 tamqnam
1381 3461 1474 3546 palea

325 3589 399 3636 curn
420 3570 588 3637 frumentis
606 3573 638 3637 in
662 3591 725 3636 una
747 3574 1017 3637 sacramentorum
1036 3571 1257 3635 communione
1276 3567 1471 3643 constitutis,
1490 3600 1521 3642 ω

324 3676 412 3742 uitae
434 3681 542 3743 autem
565 3676 827 3744 dissimilitudine
851 3676 1027 3761 separatis?

362 3940 374 3992 l
396 3937 536 4008 aduersus]
556 3939 604 3993 ubi
623 3954 716 3994 nereus
739 3938 794 3993 VU
803 3938 861 3992 lar
877 3935 925 3991 nbi
944 3936 1074 3991 sduersns
1092 3953 1120 3990 ιιι
1204 3933 1339 3989 eatbolica
1358 3929 1475 3987 sedena

325 4027 481 4097 semperU
531 4028 683 4083 becelseia
700 4027 728 4082 P
781 4025 954 4095 9puniendo
972 4042 999 4079 ot
1055 4026 1088 4079 13
1106 4023 1237 4079 frumenti
1258 4021 1287 4077 U
1343 4021 1376 4076 la
1395 4018 1474 4073 dese

325 4123 457 4172 ranturnt
547 4117 580 4171 19
598 4116 675 4186 mali]
695 4116 760 4170 boni
784 4115 905 4171 VUtsr
989 4114 1022 4167 21
1043 4113 1223 4183 seiunguntur
1247 4110 1475 4175 sescenteno·

324 4206 416 4273 simul)
439 4205 467 4261 U
500 4206 534 4260 24
552 4204 750 4276 perturbandos
771 4203 822 4259 VU
839 4202 900 4259 edd.
936 4201 972 4258 28
990 4201 1098 4256 saluum
1113 4199 1169 4255 ΥΠ
1184 4201 1217 4254 is
1252 4199 1285 4254 al
1301 4212 1426 4270 separare
1439 4195 1475 4249 P·
