3309 4867
562 360 828 428 epistularum
856 330 1013 415 LXXXVII.
1295 365 1360 430 405

212 553 303 618 nobis
335 553 574 638 eoniungimini,
607 553 667 619 boc
693 556 746 621 set
772 554 925 624 ecclcsiae
946 552 1015 634 dei,
1038 553 1207 620 hereditati
1231 553 1361 634 Christi,

214 659 304 725 cuius
337 661 499 743 possessio
531 663 608 726 sunt
639 660 765 725 termini
796 662 909 739 terrae,
939 679 999 727 nos
1031 660 1236 746 corrigimini,
1259 664 1303 727 nt
1328 662 1361 726 in

213 764 316 831 radice
354 766 486 833 niuatie.
526 767 565 833 de
601 767 697 860 ramis
735 767 819 832 enim
854 768 965 833 fractis
1007 767 1054 834 sic
1095 769 1141 834 ait
1180 768 1361 850 apostolus:

213 872 362 938 Potens
396 876 459 938 est
492 874 605 939 enim·
628 872 726 939 deus
757 872 907 939 iterum
937 872 1122 940 inserere
1153 872 1263 939 illos.
1303 890 1362 938 uos

185 998 288 1064 aergo
326 981 493 1045 mutamini
530 1001 567 1048 ex
603 999 642 1046 ea
679 982 779 1064 parte,
821 998 885 1063 qna
925 980 1173 1059 dissentiebatis,
1214 980 1362 1064 quamuis
1466 963 1470 971 ⁴

214 1091 421 1167 sacramenta,
459 1106 551 1172 qnae·
575 1086 752 1164 habebatis,
789 1106 864 1152 cnm
901 1086 1010 1153 eedem
1043 1086 1110 1153 sint
1140 1087 1172 1152 in
1205 1086 1363 1163 omnibus,

132 1188 135 1192 ’
214 1196 324 1260 sancta
354 1194 429 1260 sint.
462 1197 654 1281 quapropter
681 1212 741 1259 nos
774 1194 891 1260 mutari
918 1194 1071 1260 uolumus
1099 1213 1116 1259 a
1143 1193 1363 1278 peruersitate,

213 1301 246 1366 id
269 1305 379 1367 estut
406 1299 508 1369 denuo
535 1300 695 1368 radicetur
721 1304 829 1367 nestra
855 1298 1022 1385 praecisio.
1055 1318 1129 1366 uam
1156 1301 1364 1378 eacusments,

214 1428 294 1493 qnae
329 1427 392 1475 non
420 1408 583 1487 mutastis,
613 1407 699 1475 sicut
735 1407 870 1486 habetis,
893 1407 1118 1491 adprobantur
1145 1424 1164 1470 a
1190 1404 1305 1497 nobis,
1327 1423 1364 1469 ne

171 1536 195 1571 ιο
213 1515 305 1596 forto,
329 1533 403 1582 cnm
425 1517 567 1580 nemum
587 1514 780 1598 prauitatem
804 1512 1142 1600 corrigerenolumue,
1160 1510 1226 1577 illis
1245 1516 1364 1595 myste-

214 1621 420 1699 riiscbristi,
439 1640 519 1705 quse
537 1621 570 1687 in
589 1624 697 1688 nestra
714 1621 873 1704 prauitnte
893 1620 1068 1706 deprauata
1084 1638 1145 1684 non
1165 1622 1250 1698 snut,
1271 1617 1366 1683 sacri-

214 1731 320 1814 legam
351 1728 507 1794 faciamus
531 1724 692 1794 iniuriam.
725 1745 827 1810 neque
855 1727 938 1792 enim
967 1731 999 1792 et
1026 1725 1105 1793 Saul
1137 1725 1368 1810 depraunuerst

217 1837 409 1915 nothonem,
433 1854 527 1918 quam
551 1838 726 1918 occeperat,
750 1835 801 1898 cui
825 1832 969 1899 unctioni
991 1837 1117 1899 tantum
1140 1833 1289 1898 honorem
1313 1850 1365 1896 rer

217 1941 331 2020 Dauid,
364 1941 445 2024 pins
470 1940 527 2007 dei
552 1958 677 2013 seruus,
710 1940 861 2007 exhibuit
898 1943 1064 2023 propterea
1095 1956 1171 2024 crgo
1206 1956 1267 2003 nos
1304 1955 1365 2002 non

174 2066 199 2105 e
216 2048 459 2131 rebaptizamus,
492 2048 548 2132 qui
576 2047 717 2114 radicem
750 2048 843 2114 uobis
875 2046 1005 2113 reddere
1038 2046 1195 2129 cupimus,
1231 2044 1365 2109 formam

217 2162 321 2220 umen
359 2153 494 2240 praecisi
515 2155 692 2234 sarmenti,
730 2155 758 2219 ei
794 2172 856 2219 non
895 2155 1019 2219 mutata
1050 2154 1110 2227 est,
1144 2150 1366 2235 adprobamus,

218 2280 297 2345 quse
333 2264 439 2327 tamen
477 2260 624 2345 quamuis
659 2262 784 2345 integra
819 2260 906 2325 nullo
942 2258 1036 2325 modo
1074 2263 1126 2324 est
1162 2258 1229 2322 sine
1262 2255 1367 2320 radice

217 2354 390 2435 fructuosa.
424 2368 486 2435 alia
521 2369 667 2465 quaestio
705 2372 755 2433 est
780 2368 829 2433 'de
866 2365 1151 2451 persecutionibus,
1189 2381 1267 2446 quas
1309 2380 1367 2427 uos

218 2466 325 2543 dicitis
348 2477 416 2559 pati
437 2476 471 2543 in
493 2474 850 2543 tantamansnetudine
874 2477 907 2540 et
928 2472 1059 2538 lenitate
1083 2476 1273 2541 nostrorum,
1294 2487 1368 2534 curu

174 2598 202 2635 π
219 2601 293 2648 uero
329 2583 451 2653 inlicite
487 2601 523 2649 ac
559 2582 711 2666 pduatim
748 2582 850 2648 nostri
886 2581 1005 2646 faciant
1042 2578 1198 2662 grauiora,
1235 2577 1296 2640 siin
1330 2576 1368 2639 de

74 2678 79 2685 ’
218 2687 421 2772 baptismate,
445 2688 528 2772 qnod
552 2708 612 2754 non
638 2687 819 2772 quaerimus
842 2687 898 2752 ubi
922 2687 974 2765 sit,
999 2686 1056 2751 sed
1079 2685 1132 2750 nbi
1157 2683 1268 2767 prosit.
1295 2699 1367 2746 nam

218 2780 411 2878 ubicumque
436 2798 495 2874 est,
518 2796 626 2879 ipsum
645 2798 709 2871 est;
735 2795 870 2861 sednon
890 2795 986 2860 ctiam
1006 2793 1070 2868 ills,
1090 2791 1144 2874 qui
1162 2794 1222 2856 hcc
1241 2789 1369 2871 accipit,

218 2900 412 2984 ubicumque
436 2905 494 2981 est,
513 2902 583 2985 ipse
602 2905 661 2968 est.
685 2903 794 2985 itaque
812 2900 970 2986 priuatam
989 2900 1152 2989 bominum
1171 2895 1368 2980 impietatem

220 3008 416 3074 detestamur
451 3009 483 3075 in
521 2988 704 3086 sehismcoe,
743 3009 940 3092 baptismum
975 3025 1052 3071 nero
1089 3001 1209 3071 Christi
1251 3001 1369 3084 ubique

173 3092 416 3190 senserimus,
440 3114 526 3199 quin,
548 3115 575 3180 si
599 3115 774 3181 desertores
797 3133 907 3180 secum
931 3113 1131 3195 imperatorie
1154 3110 1247 3195 signa
1264 3106 1369 3173 hadri·

220 3226 301 3300 eunt,
332 3220 399 3286 iliis
432 3222 485 3287 uel
516 3221 716 3287 damnatione
748 3221 870 3305 punitis
903 3221 955 3285 uel
987 3217 1188 3303 indulgentia
1218 3215 1371 3303 correctis

220 3328 311 3395 salua
343 3328 434 3413 signa
466 3329 672 3414 recipiuntur,
701 3329 729 3396 si
757 3329 848 3395 salua
879 3329 1072 3393 manserunt.
1106 3328 1139 3391 et
1166 3324 1195 3390 si
1222 3322 1299 3406 qnid
1331 3321 1370 3386 de

221 3435 279 3501 bac
301 3453 334 3500 re
357 3434 544 3521 diligentius
568 3435 781 3518 quaerendum
806 3441 867 3509 est,
890 3434 954 3498 elia
976 3438 1035 3498 est.
1061 3436 1097 3497 nt
1120 3430 1195 3510 diri,
1214 3428 1370 3514 quaestio.
1406 3417 1410 3425 ’

311 3695 324 3749 1
343 3694 390 3750 Ps.
409 3693 435 3758 2,
452 3694 472 3750 8
524 3693 637 3749 suom.
660 3694 701 3758 11,
720 3695 755 3750 23
813 3694 892 3748 1211
912 3693 978 3763 ch.
1000 3694 1023 3756 l,
1044 3692 1132 3747 l-ld

258 3800 370 3857 laobis
388 3799 420 3856 F
494 3800 697 3870 coniungcmini
716 3796 771 3861 ΕΔ
841 3804 978 3870 tpotens
997 3800 1048 3867 est!
1069 3800 1162 3869 potest
1179 3796 1208 3852 P
1275 3796 1373 3850 dsint

220 3908 277 3947 sos.
296 3895 342 3958 (aa
359 3890 461 3961 aunt?)
480 3890 508 3944 F
560 3889 577 3944 8
596 3890 711 3960 precisis
731 3889 781 3956 (sto
801 3891 833 3942 ia
850 3890 1069 3961 suessanum)
1088 3886 1125 3940 Μ
1184 3888 1218 3941 14
1236 3889 1371 3956 prophete,

221 3982 286 4034 Μ
303 3978 489 4051 proptercaP
539 3978 795 4048 lbquisPt‘trss
848 3979 880 4033 16
899 3978 1027 4048 praecisis
1047 3975 1213 4039 armentiM
1261 3976 1293 4029 18
1308 3973 1371 4029 alic.

220 4074 394 4124 cessasset
412 4067 471 4122 sid.
491 4073 506 4122 1
526 4068 580 4122 alia
597 4067 629 4121 F
697 4072 808 4136 qnosA
892 4068 927 4121 20
945 4066 1088 4137 pracatirn,
1107 4069 1174 4120 ms
1191 4063 1320 4135 priuatim
1340 4064 1374 4117 Μ

220 4158 256 4211 23
273 4157 409 4212 bominem
427 4157 595 4227 impietatem
615 4157 643 4210 in
662 4156 789 4211 scismate
808 4156 977 4210 detestamur
990 4155 1018 4211 R
1067 4157 1102 4208 25
1121 4155 1186 4224 qnia
1204 4154 1239 4223 si]
1253 4153 1331 4224 qnasi
1345 4152 1374 4207 R

257 4245 586 4311 sios.,m.1ach
691 4244 842 4315 producant
864 4245 892 4299 R
982 4244 1016 4298 28
1040 4260 1080 4305 ac,
1105 4258 1174 4329 corr.
1199 4247 1259 4296 sm
1277 4242 1328 4295 bac
1347 4240 1376 4295 F
