3309 4867
312 264 376 331 716
664 261 694 333 δ.
723 260 861 316 Aureli
889 260 1108 331 Augustini

311 472 478 539 corporeae
502 454 732 521 similitudinis·
746 453 930 533 occurrerit,
958 455 1071 532 abnue,
1098 474 1190 541 nega,
1213 474 1337 538 respue,
1361 455 1464 533 abice,

311 563 402 646 dogm
430 579 492 626 nou
516 560 600 640 enim
626 580 726 644 parua
748 559 909 627 inchoatio
933 564 983 627 eet
1006 561 1209 646 cogitationis
1233 562 1293 639 dei,
1321 561 1350 626 si
1376 567 1464 640 ante,

312 686 407 752 quam
433 668 596 750 possimus
623 685 728 745 nosse,
758 665 836 749 quid
864 666 917 744 sit
944 665 1134 751 incipiamus
1161 667 1355 742 inmunem,
1383 665 1465 752 quid

311 793 373 847 mn
397 774 444 839 sit
477 774 676 839 intellectum
701 792 776 839 uero
800 772 896 838 ualde
919 792 1000 850 ama,
1024 773 1099 856 quia
1122 775 1155 838 et
1176 774 1265 857 ipsse
1287 773 1464 858 scripturae

312 881 449 956 sanctae,
478 898 559 962 quae
591 887 786 965 magnarum
806 897 912 945 rurum
940 883 1013 945 ante
1044 879 1295 966 intellegentiam
1327 879 1467 945 suadent
1494 905 1505 942 s

310 985 416 1063 fidem,
445 986 508 1050 nisi
531 1005 584 1051 eas
606 989 691 1053 reete
719 987 900 1071 intellegas,
927 985 1110 1052 utilestili
1132 1004 1288 1052 essenon
1315 991 1465 1070 possunt.

311 1095 421 1157 omnes
445 1094 527 1158 enim
556 1094 716 1186 haeretici=
743 1094 797 1178 qui
821 1089 875 1159 eae
902 1091 935 1157 in
963 1091 1154 1159 anctoritate
1180 1092 1346 1177 recipiunt,
1374 1092 1464 1176 ipsas

312 1198 373 1262 sibi
401 1197 551 1264 uidentur
579 1200 705 1278 sectari,
735 1205 809 1265 culn
838 1217 914 1265 suos
941 1198 1051 1286 potius
1078 1201 1240 1266 sectentur
1266 1216 1398 1280 errores,
1427 1216 1464 1264 ac

311 1323 367 1387 per
389 1306 461 1382 hoc„
484 1325 546 1372 non
565 1307 650 1388 quod
674 1325 727 1372 eas
751 1309 966 1383 contemnant,
990 1303 1048 1370 sed
1071 1304 1231 1388 quodem
1254 1324 1316 1371 non
1337 1305 1464 1370 intelle·

312 1416 398 1496 gant,
421 1411 572 1477 haeretici
596 1417 681 1478 sunt
1483 1441 1504 1478 e

261 1517 301 1581 14
356 1511 404 1581 'l'u
431 1521 549 1596 autem,
578 1520 753 1599 carissime,
781 1538 836 1585 ora
862 1518 988 1584 fortiter
1014 1521 1047 1584 et
1076 1517 1222 1598 fideliter,
1255 1523 1292 1584 ut
1320 1517 1376 1585 det
1401 1518 1464 1583 tibi

312 1624 458 1689 dominus
486 1625 686 1691 intellectum
714 1644 751 1691 ac
777 1626 825 1692 sic
854 1644 900 1702 ea,
929 1643 1010 1708 qnae
1036 1626 1212 1691 fonnseous
1239 1625 1370 1719 adhibet
1392 1625 1464 1690 dili·

312 1731 418 1814 gentia
440 1733 653 1815 praeceptoris
677 1733 748 1798 sine
772 1732 923 1811 doctoris,
946 1732 1071 1814 possint
1094 1750 1165 1797 asse
1187 1732 1361 1810 fructuosa,
1385 1751 1462 1815 qno·

312 1837 406 1915 niam,
445 1857 575 1921 neque
607 1839 676 1921 qui
712 1840 888 1924 plantat,
925 1842 989 1904 cst
1026 1837 1195 1921 aliquid,
1233 1856 1360 1921 neque
1393 1837 1462 1920 qul

312 1944 433 2028 rigat,
467 1944 536 2010 sed
569 1947 636 2029 qui
668 1947 965 2012 incrementum
993 1944 1198 2024 datdeus,
1230 1943 1281 2011 cui
1309 1943 1501 2010 dicimusta

311 2051 434 2116 Pater
462 2056 612 2131 noster,
637 2053 703 2135 qui
728 2072 768 2117 es
796 2051 1000 2128 incaelis,
1028 2069 1089 2115 uon
1113 2051 1188 2135 quia
1209 2051 1253 2117 ibi
1275 2053 1328 2117 ast
1349 2053 1383 2115 et
1409 2049 1462 2115 hic

311 2146 372 2222 uon
391 2162 451 2233 est,
476 2159 529 2240 qui
552 2160 731 2240 praeseutia
753 2160 938 2240 incorporea
960 2156 1079 2240 ubique
1101 2160 1190 2223 totns
1213 2160 1274 2234 eet,
1298 2156 1355 2222 sed
1377 2155 1463 2241 qnod

310 2263 412 2328 ineis
435 2262 578 2328 habitare
603 2265 728 2344 dicitur,
753 2282 887 2347 quorum
911 2264 1025 2346 pietati
1043 2263 1144 2342 adest,
1163 2268 1197 2329 et
1213 2264 1247 2329 hi
1264 2264 1401 2330 maxime
1423 2263 1461 2327 in

311 2369 431 2440 caelia
450 2374 536 2448 sunt,
555 2372 610 2435 nbi
625 2375 658 2435 et
675 2376 805 2436 nostra
824 2375 885 2435 est
907 2371 1165 2450 conuersatio,
1183 2371 1288 2436 ei'uos
1307 2370 1462 2435 ueraciter

311 2494 347 2540 os
370 2478 514 2540 nostrum
536 2493 668 2542 sursum
688 2496 742 2544 oon
764 2478 880 2541 habere
902 2476 1101 2561 respondeat.
1124 2497 1198 2542 nam
1217 2476 1279 2543 etsi
1296 2477 1462 2552 carnaliter
1477 2506 1500 2546 e

311 2581 538 2665 acciperemus,
563 2583 648 2666 quod
672 2586 910 2668 scriptumest:
936 2581 1100 2649 Caelum
1124 2583 1223 2650 mini
1245 2582 1364 2649 sedes
1387 2586 1460 2660 est,

310 2691 422 2752 terra
444 2692 578 2753 autem
601 2690 829 2756 scabellum
853 2681 997 2772 pedum
1020 2709 1207 2767 meorum,
1231 2693 1265 2755 et
1285 2689 1335 2754 ibi·
1354 2692 1387 2753 et
1409 2688 1460 2754 nic

310 2813 384 2859 eum
407 2812 478 2858 esse
502 2794 627 2861 credere
649 2795 814 2870 debemus,
839 2796 988 2879 quamuis
1014 2815 1076 2863 non
1099 2800 1205 2862 totum
1231 2795 1287 2874 ini,
1309 2796 1386 2879 qnia
1408 2794 1460 2860 nic

311 2902 419 2964 esseut
435 2899 544 2982 pedes,
564 2920 623 2967 nec
640 2905 745 2967 totum
764 2902 827 2980 hic,
848 2902 922 2984 quia
939 2902 985 2967 ibi
1000 2905 1109 2967 essent
1126 2902 1305 2986 superiores
1320 2900 1459 2985 corporis
1488 2916 1493 2929 ’

309 3009 427 3088 partes.
450 3025 545 3087 quam
569 3007 797 3093 cogitationem
820 3008 978 3073 carnalem
1000 3025 1127 3073 rursum
1150 3008 1243 3075 nobis
1264 3007 1344 3075 illud
1368 3024 1458 3073 arcu·
1473 3034 1496 3074 u

399 3230 784 3302 5Es.'l‚9sec.Septnag,
886 3227 1457 3299 11Pe.15.7;u1,8;118‚84m;11

309 3315 458 3381 nunus
565 3319 709 3375 norror.
727 3321 789 3387 e,r
895 3319 1128 3384 ramesense
1237 3319 1457 3382 scemam

309 3409 341 3461 21
362 3406 408 3460 Ea.
426 3406 504 3471 66,1

348 3529 481 3600 labnue]
501 3532 582 3601 sbige
600 3533 689 3587 abnue
703 3532 764 3588 edd.
800 3531 1028 3587 testinohoatio
1046 3531 1132 3608 end„
1161 3533 1328 3602 cognitionis
1340 3531 1456 3600 ΩΡΤΤι

310 3617 370 3673 cdd.
443 3620 478 3689 ei]
499 3621 567 3674 s·Y
633 3620 836 3675 lintelleetam
858 3620 975 3676 ΟΡΤΤι
1044 3621 1075 3675 ll
1096 3622 1233 3676 cammime
1250 3619 1336 3676 Μαι
1352 3638 1402 3675 οη
1422 3621 1469 3676 T¹¹

312 3709 344 3762 12
364 3707 396 3772 ei,
415 3712 620 3766 corr.en.1eic
642 3711 676 3764 T¹
723 3719 725 3726 ’
761 3713 793 3765 15
811 3709 860 3764 scd
879 3717 897 3780 q
915 3713 962 3775 (=
981 3712 1062 3778 quac)
1080 3710 1276 3765 incrementum
1294 3711 1333 3777 (in
1350 3710 1455 3765 ἅνω.

309 3797 563 3860 un.scteeict1)B
619 3800 650 3853 17
670 3800 717 3869 qui
735 3801 767 3852 in
785 3815 842 3853 rue.
862 3797 1149 3866 (uulijqnial'¹
1222 3801 1358 3853 eettotne
1378 3795 1462 3853 OPP

310 3883 371 3939 edd.
453 3886 517 3953 quia
538 3885 733 3942 orrmenc
809 3887 841 3941 18
859 3885 1014 3940 inhabltare
1032 3881 1069 3934 0⁴
1135 3885 1250 3942 hurso
1321 3887 1457 3941 iseum

312 3971 427 4029 OPTY¹
446 3973 507 4027 edd.
581 3976 750 4029 conuersatio
770 3980 813 4029 est
828 3974 909 4030 OPT
923 3972 985 4029 eae
1056 3990 1092 4027 oe
1105 3978 1229 4030 nmirum
1247 3976 1382 4029 usmitan
1394 3974 1455 4030 edd.

309 4062 546 4131 compeperimus
568 4062 682 4118 ΟΡἸὟ1
703 4063 764 4118 edd.
837 4065 873 4118 24
890 4067 994 4130 toturn.
1005 4061 1052 4117 hic
1069 4061 1098 4116 Β
1168 4064 1204 4123 25
1221 4062 1292 4119 illud
1307 4063 1386 4119 nobis
1406 4063 1456 4120 ΟΡ

309 4149 370 4204 cdd.
444 4155 568 4205 excutere
588 4151 667 4207 OPT
683 4152 743 4205 edd
763 4155 887 4206 excutere
905 4150 1018 4206 deberet
1039 4148 1074 4204 Ρ
