3309 4867
325 404 391 469 622
682 404 709 462 S.
738 402 876 486 tuteli
902 403 1119 474 Augustini

325 596 425 662 inisse
455 598 651 663 maculatum
684 618 742 664 nec
774 602 879 664 tumen
913 598 952 664 ab
985 598 1032 664 eis
1064 599 1220 681 corporali
1250 601 1469 685 segregatione

326 700 383 767 sed
409 702 496 768 uitae
523 703 783 771 dissimilitudine
814 704 915 770 fuisse
948 704 1155 771 disiunctum.
1192 725 1265 771 com
1298 706 1345 773 eis
1372 708 1469 772 altare

325 808 443 893 tetigit
471 808 528 875 sed
549 810 733 877 inmundam
755 811 884 878 iliorum
906 810 1009 877 uitam
1030 811 1087 876 ille
1113 831 1174 878 uon
1202 812 1322 899 tetigit,
1346 811 1469 896 quaudo

327 914 374 980 sic
401 915 546 999 culpauit
577 920 672 1000 atque
705 918 822 1002 arguit.
854 917 1014 1002 placentia
1043 917 1107 983 ieta
1134 919 1253 1003 quippe
1284 922 1468 1004 iunguntur,
1635 933 1636 1022 p

327 1019 528 1105 displicentia
566 1022 772 1106 repelluntur.
813 1023 949 1106 ideoque
989 1021 1039 1088 illi
1074 1024 1194 1106 optimo
1231 1024 1380 1108 episcopo
1413 1042 1470 1102 nec
1504 1044 1520 1084 s
1635 1025 1636 1080 1

327 1145 469 1202 censura,
498 1147 561 1213 qua
587 1134 717 1215 peccatu
738 1130 930 1208 coherceret,
954 1148 1012 1195 uec
1035 1132 1161 1196 coutela
1182 1130 1294 1209 defuit,
1317 1149 1380 1214 qua
1402 1132 1471 1196 uui·

326 1234 403 1300 tetis
434 1234 602 1301 uinculum
633 1237 820 1303 custodiret.
847 1236 967 1322 legitur
997 1236 1067 1302 eius
1098 1237 1130 1302 in
1162 1236 1297 1321 quadem
1320 1237 1470 1321 epistula.

328 1358 422 1425 quom
446 1340 577 1425 scripsit
602 1342 642 1408 ad
668 1344 887 1427 presbyterum
914 1342 1100 1430 Maximum,
1124 1343 1163 1408 de
1185 1344 1300 1409 heere
1328 1342 1413 1409 clera
1439 1346 1472 1408 et

327 1451 435 1530 aperto
466 1449 634 1526 sententio,
666 1468 729 1533 qua
752 1450 878 1516 omniuo
900 1448 1063 1533 prsecepit
1084 1449 1301 1533 propheticam
1327 1450 1471 1533 regulam

327 1558 439 1619 teneus
471 1555 560 1621 nullo
587 1556 681 1628 modo
706 1555 859 1622 ecclesiae
882 1555 984 1624 deseri
1016 1555 1129 1621 debere
1162 1556 1318 1622 unitatem
1345 1561 1473 1641 propter
1490 1576 1519 1616 ιο
1635 1589 1636 1644 1

328 1660 482 1726 malorum
505 1661 753 1745 permixtionem.
777 1664 860 1729 ‘nam
878 1662 940 1728 etei
957 1660 1128 1740 uideutdr’,
1146 1649 1260 1745 inquit,
1279 1661 1321 1727 ‘in
1339 1663 1471 1736 ecclesia
1635 1687 1636 1778 p

328 1785 399 1833 esse
418 1767 546 1844 zizania,
561 1785 622 1833 uon
640 1774 746 1835 tamen
766 1767 913 1852 impediri
933 1768 1027 1835 debet
1044 1766 1123 1834 fides
1147 1772 1203 1834 sut
1220 1768 1334 1835 coritas
1353 1772 1472 1846 nocta,

328 1877 374 1952 ut,
394 1874 543 1956 quoniam
568 1893 638 1940 esse
661 1876 782 1945 sirenis
803 1876 835 1940 in
859 1875 994 1941 ecclesia
1016 1875 1186 1952 ceruimus,
1205 1893 1263 1942 uos
1282 1874 1320 1940 de
1339 1875 1475 1941 ecclesio

327 1980 523 2049 recedamus.
546 1985 671 2048 tautum
691 1980 786 2047 modo
804 1981 897 2049 uobis
914 1979 1121 2046 laborandum
1140 1982 1200 2058 eet,
1219 1983 1263 2045 ut>
1277 1980 1472 2047 frumentum
1635 2053 1636 2066 χ

328 2105 398 2152 esse
421 2086 605 2170 possimus'.
1488 2106 1517 2147 ιι
1635 2085 1636 2178 ]

277 2190 315 2254 11
372 2193 471 2259 Istam
491 2194 632 2260 caritatis
650 2194 756 2280 legem
776 2212 812 2259 ex
831 2212 885 2260 ore
903 2191 1022 2259 Christi
1041 2192 1158 2259 domiui
1179 2194 1412 2279 promulgatam
1428 2229 1475 2243 -

328 2298 430 2382 ipsius
459 2300 543 2365 enim
572 2303 648 2366 aunt
674 2301 756 2368 istae
785 2300 1013 2367 similitudines
1041 2303 1075 2365 et
1097 2298 1135 2365 de
1158 2299 1287 2365 sireniis
1310 2317 1412 2382 usque
1434 2298 1477 2366 sd

329 2409 454 2489 tempus
476 2406 592 2473 meseia
615 2407 647 2471 in
666 2408 790 2474 unitate
808 2407 885 2493 agri.
899 2426 956 2491 per
977 2405 1131 2472 muudum
1150 2406 1241 2472 etde
1263 2406 1357 2472 molis
1379 2405 1476 2490 pisci·

328 2512 388 2577 bus
416 2531 518 2596 usque
542 2512 582 2579 ad
604 2518 732 2598 tempas
759 2514 864 2580 litoris
891 2514 974 2578 intra
996 2511 1106 2578 eedem
1134 2512 1215 2578 retia
1235 2511 1407 2578 tolerandis
1429 2549 1477 2562 -

327 2617 408 2683 hanc
435 2637 510 2704 ergo
538 2620 680 2686 cantetis
701 2620 806 2705 legem
831 2620 859 2685 si
880 2618 1017 2685 maiores
1040 2618 1139 2684 uestri
1161 2621 1268 2684 mente
1294 2618 1475 2702 retinerent,
1492 2637 1526 2680 aa

329 2724 443 2790 sicum
463 2724 514 2790 dei
531 2726 644 2792 timore
663 2726 841 2812 cogitarent
858 2745 918 2792 nou
936 2727 1067 2810 proptor
1084 2724 1298 2792 caecilianum
1316 2729 1350 2790 et
1366 2721 1475 2790 nescio

329 2850 410 2914 quoe
436 2832 531 2898 Amos
559 2834 638 2912 siue,
671 2837 708 2898 ut
734 2832 868 2917 putatis,
899 2851 932 2897 re
959 2849 1036 2897 uero
1062 2830 1250 2897 criminosos
1278 2815 1359 2909 siue,
1388 2829 1476 2915 quod

328 2938 431 3022 magis
463 2937 655 3004 credendum
686 2941 747 3017 est,
785 2937 953 3004 calumniis
990 2937 1148 3022 appetitos
1186 2953 1221 3002 se
1253 2937 1293 3003 ab
1330 2936 1475 3026 ecclesia,

285 3095 287 3100 ,
329 3063 423 3126 quom
461 3044 630 3132 descripsit
665 3046 734 3130 ipse
765 3044 942 3129 cyprianae
977 3064 1035 3129 per
1071 3062 1180 3111 omues
1220 3047 1333 3130 gentes
1368 3043 1475 3109 radios

418 3271 434 3323 7
454 3269 532 3341 Cypr.
552 3287 593 3341 cp.
612 3273 656 3335 54,
674 3272 691 3327 8
710 3288 737 3342 p.
757 3271 819 3334 6112,
840 3271 944 3325 15-18
964 3268 1006 3324 ed.
1025 3269 1144 3334 Hortel.;
1164 3268 1199 3326 cl.
1213 3269 1283 3340 Aug.
1302 3272 1396 3324 contra
1410 3266 1475 3323 cre·

329 3375 401 3426 soou.
415 3358 486 3417 Don.
501 3359 530 3414 11
541 3360 590 3428 es;
608 3361 661 3433 485,
676 3363 770 3415 contra
789 3358 925 3415 Gaudent
943 3359 1015 3414 Dou.
1032 3358 1062 3414 11
1081 3359 1110 3426 ³5
1133 3360 1165 3414 14
1257 3360 1289 3414 ll
1308 3356 1411 3414 listtb.
1431 3357 1475 3417 13.

329 3447 448 3511 24-43;
461 3447 570 3503 47-50
622 3449 658 3503 24
668 3447 701 3502 ds
716 3446 816 3503 cathol.
826 3447 891 3502 eccl.
901 3448 1008 3501 unitate
1023 3463 1044 3502 c.
1056 3448 1072 3500 5
1082 3463 1108 3517 p.
1119 3448 1181 3508 214.
1193 3446 1297 3503 10-13
1311 3443 1354 3500 ed.
1368 3443 1475 3500 Burtsl.

367 3591 383 3645 1'
400 3590 434 3644 sb
454 3591 493 3644 eis
511 3606 540 3643 se
559 3590 690 3660 corporali
708 3589 786 3645 codd.
808 3590 876 3644 lons
928 3589 1049 3644 Scitam
1069 3604 1121 3642 ons.
1140 3587 1168 3641 P
1224 3589 1242 3643 4
1260 3585 1400 3657 redarguit
1421 3583 1481 3639 ΥΠ

330 3679 391 3734 cdd.
489 3679 589 3750 quippe
607 3679 663 3733 ists
685 3677 740 3749 VU
756 3678 816 3733 edd.
895 3679 1046 3748 arguuntur
1064 3676 1142 3732 codd,
1162 3677 1173 3731 1
1180 3692 1219 3731 or
1237 3672 1417 3745 sdtiuguutur
1433 3690 1478 3738 so,-

329 3766 429 3838 πήρα(
445 3770 609 3838 unguntum
624 3768 660 3836 cr.
673 3784 705 3836 p.
720 3770 787 3830 625,
802 3769 925 3835 10-12;
938 3768 1007 3832 630,
1022 3768 1060 3818 12
1106 3766 1123 3820 6
1138 3764 1351 3829 cohercereutln
1364 3768 1437 3831 apl
1449 3760 1479 3814 P

332 3858 365 3912 10
382 3856 487 3916 nultum
504 3856 585 3911 modo
603 3856 631 3910 P
718 3858 824 3911 unitate
842 3855 871 3911 P
947 3857 977 3910 ll
998 3854 1176 3924 permixtione
1194 3853 1252 3907 PV
1328 3852 1362 3906 12
1380 3850 1475 3921 debet]

331 3946 413 4002 debet
430 3948 478 4001 sut
497 3945 579 4016 cypr.
597 3947 668 4016 Aac.
687 3951 785 4012 contro
806 3945 930 4012 Qrcooosn
950 3949 975 3998 ct
994 3948 1092 3997 conto
1112 3941 1252 3998 (laudm.
1322 3941 1356 3996 ld
1373 3939 1477 3995 sirmis

331 4051 390 4090 esse
410 4035 492 4105 Gypr.
511 4035 583 4104 Aac.
602 4041 700 4090 como
721 4033 844 4090 Osaces.
864 4039 889 4087 et
906 4037 1006 4087 watra
1026 4030 1167 4086 Gom.
1239 4028 1300 4098 noo]
1320 4027 1373 4100 ipsi
1393 4025 1475 4097 ΟΨ.

300 4179 303 4185 ,
331 4125 401 4194 Aue.
421 4131 520 4178 condo
539 4123 663 4181 stercona
682 4129 707 4178 ct
730 4121 988 4179 occaecasset.
1112 4120 1146 4174 14
1163 4118 1242 4174 nobis
1265 4119 1373 4171 tantum
1394 4112 1478 4170 modo

327 4230 356 4282 p.
378 4216 446 4279 623,
467 4215 485 4266 9
504 4212 585 4283 Cypr.
605 4215 676 4282 Aac.
695 4218 794 4268 contro
814 4210 939 4265 ereccon.
958 4214 984 4263 el
1002 4213 1100 4262 contro
1120 4206 1277 4285 Gaudent„
1330 4206 1362 4260 15
1380 4219 1478 4275 possu-

334 4318 393 4355 mus
407 4301 435 4355 P
486 4301 521 4357 23
540 4302 580 4371 se]
601 4301 649 4357 sed
668 4301 697 4355 P
1322 4285 1334 4302 ⁵
