3309 4867
661 419 928 493 epistularum
955 419 1014 477 CII.
1343 422 1408 489 577

256 615 351 679 runt
378 613 459 679 sibi
486 617 741 681 uestimenta
768 630 853 678 mea
880 617 928 679 et
952 633 1074 697 super
1101 618 1258 682 uestem
1286 634 1409 680 meam

255 719 457 786 miseruut
489 725 651 796 sortem,
684 718 775 803 quod¹
802 723 892 785 tants
919 721 1177 786 manifestatione
1204 722 1349 787 futurum
1377 723 1411 787 in

255 824 338 890 libro
370 827 501 908 antiqno
533 828 752 912 prophetatur,
785 831 904 909 quanta
936 827 1198 895 manifestatione,
1225 826 1347 893 factum
1377 827 1423 894 iu

256 950 340 998 nouo
369 933 536 1018 euangelio
568 934 732 1006 recitetur,
765 968 810 981 -
842 933 900 998 aed
933 933 960 998 si
992 933 1024 1004 in
1057 935 1115 999 hac
1147 934 1341 1012 humilitate,
1373 937 1412 999 ut

189 1036 361 1106 ·sdicere
392 1043 568 1122 coeperam,
583 1049 588 1057 ’
603 1039 667 1105 iste
704 1040 823 1104 normis
860 1039 978 1104 inrisus
1014 1043 1074 1121 est,
1111 1040 1270 1124 numquid
1305 1039 1410 1105 adhuc

255 1142 442 1210 inridendus
464 1149 523 1218 est,
539 1164 623 1211 *cum
647 1163 683 1211 ea
707 1143 861 1229 compleri
885 1145 1061 1230 cernimus,¹
1078 1159 1159 1229 quae
1183 1146 1411 1229 consequentia

257 1249 401 1331 pealmua
442 1249 512 1333 ipse
553 1250 664 1317 habet:
703 1249 1135 1317 commemorabuntur
1172 1255 1211 1316 et
1246 1269 1411 1317 conuer-

257 1358 398 1443 tentur
426 1357 471 1421 ad
500 1356 704 1423 dominum
736 1356 1066 1427 uniuersifiues
1094 1361 1229 1423 terrae
1257 1360 1297 1423 et
1324 1357 1411 1422 ato·

258 1461 406 1527 rabunt
433 1462 472 1528 in
502 1467 731 1547 conspectu
761 1462 851 1528 aius
880 1464 1103 1530 uniuersae
1134 1463 1294 1549 patriae
1325 1482 1412 1548 gen·

211 1597 238 1636 ro
258 1566 374 1646 tium,
399 1570 588 1652 quoniam
612 1568 766 1636 domini
789 1573 853 1635 est
875 1584 1042 1656 regnum
1065 1574 1104 1636 et
1126 1569 1215 1654 ipse
1240 1570 1412 1637 domina·

258 1672 371 1740 bitur
389 1674 598 1759 gentium?
615 1675 662 1741 sio
681 1676 922 1742 commemorati
938 1680 1014 1742 suut
1027 1675 1197 1742 Nineuitas
1217 1679 1249 1741 et
1267 1677 1413 1742 conuersi

259 1780 402 1846 suntad
429 1780 603 1850 (lominum.
635 1781 717 1847 hanc
749 1780 887 1847 salntem
914 1781 1127 1866 paenitentiae
1150 1783 1299 1867 *gentium
1322 1785 1412 1847 tanto
1445 1787 1448 1792 ’

259 1891 331 1952 aute
357 1878 602 1972 praefiguratam
630 1888 662 1953 in
686 1888 764 1953 Iona
789 1886 920 1955 dolebat
941 1888 1073 1964 Israhel,
1101 1889 1189 1954 sicut
1215 1907 1298 1954 nnnc
1325 1887 1414 1954 dolet

258 1993 372 2058 umbra
393 1993 533 2059 nudatus
557 1996 590 2059 et
612 1997 704 2060 aestu
728 1994 901 2060 sauciatus.
930 1995 1027 2059 liceat
1049 2013 1123 2060 aaue
1148 1995 1282 2059 cuilibet
1304 2012 1412 2077 quam·

213 2125 239 2166 m
258 2098 339 2164 libet
360 2100 453 2164 aliter
472 2098 548 2165 dum
572 2103 678 2165 tamen
702 2098 879 2166 seeundum
902 2099 1048 2185 reguiam
1070 2099 1146 2165 ficei
1170 2103 1275 2166 cetera
1297 2100 1412 2180 omnia,

260 2224 340 2286 quae
368 2205 407 2270 de
434 2206 512 2271 Iona
538 2205 693 2290 propheta
721 2206 891 2289 mysteriis¹
913 2210 1023 2290 operta
1050 2209 1134 2284 snut,
1164 2205 1299 2289 aperire;
1330 2206 1413 2272 illud

259 2312 362 2396 plane,
394 2311 481 2394 quod
512 2312 546 2378 in
579 2318 691 2377 uentre
723 2313 786 2377 ceti
817 2312 924 2378 triduo
957 2313 1030 2390 fuit,
1063 2311 1111 2378 fas
1143 2332 1207 2380 uon
1239 2314 1290 2379 est
1320 2313 1414 2404 aliter

259 2418 454 2504 intellegere,
497 2437 593 2502 qnam
629 2418 668 2483 ab
710 2418 781 2502 ipso
819 2419 951 2485 caelesti
986 2420 1141 2505 magistro
1176 2419 1210 2493 iu
1244 2420 1414 2504 euangelio

260 2524 582 2590 commemorauimns
606 2526 794 2591 reuelatum.

146 2642 200 2708 38
214 2656 241 2695 so
304 2629 472 2715 Proposita
492 2632 709 2714 exposuimus,
733 2635 771 2696 ut
792 2632 974 2715 potuimuse
999 2632 1055 2698 aed
1072 2633 1139 2712 ille,
1164 2631 1220 2715 qui
1237 2631 1415 2716 proposuit,

259 2736 323 2801 iam
356 2737 399 2803 sit
432 2736 643 2817 Christianus,
677 2757 716 2804 ue
747 2738 840 2818 forte,
873 2757 946 2805 cnm
980 2741 1125 2823 expectat
1157 2742 1231 2804 aute
1261 2738 1416 2803 librorum

261 2845 443 2908 sanctourm
471 2843 560 2916 finire
584 2845 799 2931 quaestiones,
826 2846 916 2930 prius
944 2846 1034 2912 finiat
1060 2846 1155 2911 istam
1179 2845 1292 2923 uitam,
1319 2863 1415 2928 quam

260 2952 436 3016 transeats
460 2954 563 3017 morte
583 2951 622 3016 ad
644 2952 755 3018 uitam.
779 2951 848 3017 fieri
866 2952 950 3017 enim
970 2955 1087 3036 potest,
1112 2950 1198 3034 quod
1217 2957 1300 3026 aute,
1319 2967 1415 3033 quam

350 3090 432 3176 rm.
452 3123 497 3188 er,
516 3123 624 3178 ae-ae
680 3124 712 3179 ιι
733 3123 791 3178 Ion.
811 3123 873 3188 aa

299 3244 499 3300 lueatimeuta
517 3246 589 3316 mea]
610 3246 789 3301 ueatimeaC
860 3250 1027 3300 et-aortem
1045 3262 1096 3300 om.
1111 3245 1142 3301 Ε
1194 3243 1303 3313 aqum
1323 3245 1415 3311 (eici),

260 3331 339 3389 acdd
354 3350 388 3389 ea
406 3350 477 3390 corr.
491 3338 552 3389 m.1
565 3333 599 3388 H
614 3333 698 3404 quod,
716 3337 782 3388 Μ
799 3333 866 3404 quid
883 3335 909 3389 θ
963 3335 1115 3390 futurorum
1134 3333 1205 3388 libro
1220 3335 1247 3387 A
1282 3334 1416 3388 tenuan-

262 3422 335 3491 gelio
358 3438 430 3477 nouo
452 3421 479 3476 0
568 3423 585 3476 6
610 3423 738 3493 comperi,
761 3426 827 3476 ne2
850 3423 980 3494 compleri
998 3425 1025 3477 A
1133 3439 1197 3492 qna,
1215 3423 1282 3476 aad
1302 3436 1369 3490 quae
1388 3421 1414 3473 A

262 3512 278 3566 7
297 3511 515 3574 commetiuntur,
535 3521 600 3567 esst
619 3510 874 3566 comemorabuuter
892 3511 919 3563 A
1016 3515 1199 3572 connectetur,
1221 3526 1290 3565 corr.
1310 3512 1381 3576 (nal
1392 3506 1416 3576 ?)

261 3603 454 3655 conuerteretur
472 3598 506 3654 H
558 3600 711 3670 tpetriae]
732 3598 853 3653 familiae
872 3600 898 3653 A
916 3615 966 3653 aec.
991 3598 1071 3667 Veto.
1124 3599 1157 3653 10
1177 3603 1232 3652 est·
1246 3598 1273 3651 A
1329 3598 1360 3651 ll
1382 3596 1415 3662 si,

261 3705 296 3742 m.
307 3691 328 3742 2
340 3688 379 3741 sic
396 3687 422 3742 G
476 3692 702 3742 commemoratae
716 3688 746 3742 E
798 3687 948 3750 niueuitae,
961 3690 1028 3741 Μ
1045 3686 1177 3741 uiniuitae
1190 3686 1228 3740 M
1229 3685 1254 3740 G
1269 3686 1416 3750 uineuitee,

261 3791 330 3832 corr.
348 3776 482 3831 niuiuitae
500 3776 529 3831 P
549 3776 682 3830 airriuitac
702 3775 760 3829 ΔΕ
776 3775 837 3832 edd.
851 3780 1000 3844 praeterr
1114 3777 1146 3830 13
1167 3781 1231 3829 autc
1250 3791 1302 3829 om.
1321 3772 1416 3826 ΗΜΛ
1451 3815 1452 3824 ,

145 3848 147 3852 ’
263 3864 298 3918 14
315 3862 437 3917 umbram
457 3868 566 3932 (pom
583 3868 652 3929 rue.)
671 3863 700 3916 P
780 3878 853 3918 seue.
873 3879 942 3917 corr.
962 3863 1030 3930 sine,
1048 3862 1123 3917 unde
1141 3866 1207 3916 m2
1222 3862 1290 3929 fecit
1308 3861 1368 3914 seni
1386 3859 1420 3914 H

263 3953 297 4008 15
316 3951 394 4014 alter,
413 3956 479 4005 Μ
497 3952 578 4006 aliter
598 3951 625 4006 G
687 3952 719 4005 16
738 3952 860 4021 mysterii
880 3952 1022 4021 apertaG
1080 3950 1228 4006 1851106
1292 3952 1324 4004 19
1344 3966 1415 4003 eom·

256 4040 433 4100 memorauis,
452 4042 518 4093 Μ
537 4039 805 4097 commemorauimus
824 4039 858 4093 H
893 4041 926 4093 21
943 4043 1070 4110 expectat
1083 4040 1158 4109 ante]
1177 4041 1336 4109 expectante
1350 4035 1419 4090 HM

263 4133 433 4197 espec-ante.
452 4132 518 4181 m,2
541 4133 666 4198 expectat
689 4131 753 4181 ante
777 4127 804 4180 P
826 4129 953 4197 expectat
976 4129 1039 4196 (om.
1065 4133 1140 4194 aute)
1167 4126 1192 4178 C
1261 4127 1415 4180 sanctorum

263 4216 392 4271 librorum
411 4215 483 4269 finiri
502 4216 531 4270 Ε
596 4216 631 4270 22
650 4217 735 4269 uitam
754 4216 836 4269 istam
856 4216 917 4270 edd.
991 4232 1043 4286 qua
1061 4216 1091 4271 E
1158 4216 1193 4268 23
1211 4213 1276 4268 terri
1295 4228 1328 4287 ea·
1346 4228 1416 4267 corr.

263 4323 298 4360 m.
310 4311 333 4366 1,
352 4308 418 4358 rm2
436 4305 494 4358 fleri
515 4303 618 4357 Cierri
637 4304 699 4358 cdd.
716 4311 829 4373 praeter
848 4321 891 4358 oe

291 4429 407 4480 xxxmn,
421 4415 479 4479 ιιι.
494 4433 549 4469 uer.
563 4428 586 4469 n
601 4439 652 4479 pm
666 4429 686 4466 a.
1345 4403 1380 4460 87
