3309 4867
275 1084 353 1148 21

286 3214 379 3280 22

396 1114 429 1152 5.

374 1642 425 1681 10

381 2172 431 2212 16

384 3349 437 3389 25

1249 468 1786 537 epistularum
1843 466 1958 523 011.
2615 430 2791 533 553-

454 664 559 728 uel
587 663 765 727 iubet
795 663 901 728 uel
930 663 1127 746 cupit,
1149 663 1241 727 ita
1269 662 1376 745 pia
1401 661 1730 726 humilitas
1762 661 1866 726 uel
1894 661 2223 747 hominum
2243 662 2352 728 uel
2379 665 2743 748 angelorum

454 770 817 834 sanctorum
861 767 1017 834 haee
1054 767 1177 834 sihi
1216 767 1431 833 oblata
1464 767 1790 833 recusauit
1826 771 1908 832 et.
1958 767 2060 832 cui
2098 766 2490 843 deberentur,
2543 773 2747 833 osten-

456 875 566 941 dit.
616 874 802 941 cuius
846 874 938 940 rei
980 872 1508 938 manifestissima
1547 873 1615 938 in
1664 872 1861 938 sacris
1904 872 2138 939 litteris
2184 874 2417 940 nostris
2465 877 2751 957 exempla

457 982 908 1064 monstrantur.

545 1086 901 1169 Dispertita
964 1087 1171 1152 autem
1241 1084 1477 1152 diuinis
1535 1085 1807 1168 eloquiis
1864 1083 2168 1152 sacrificia
2222 1105 2336 1170 pro
2391 1090 2749 1169 temporum

462 1192 890 1277 congruentia,
951 1194 1019 1257 ut
1073 1191 1197 1258 alia
1249 1190 1473 1257 fierent
1527 1195 1670 1257 ante
1727 1190 2302 1258 manifestationem
2358 1193 2507 1259 noui
2563 1197 2750 1257 testa-

459 1299 678 1377 menti,
725 1297 896 1382 quod
935 1317 1005 1363 ex
1049 1298 1187 1383 ipsa
1233 1316 1384 1364 uera
1422 1300 1485 1363 et
1529 1298 1719 1363 unius
1766 1296 2112 1371 sacerdotis
2158 1298 2441 1379 uictima,
2489 1301 2607 1369 hnc.
2659 1309 2755 1365 est

461 1424 533 1471 ex
598 1405 743 1470 fuso
812 1402 1045 1471 Christi
1113 1402 1419 1489 sanguine
1483 1403 1902 1481 ministratur,
1969 1406 2035 1469 et
2097 1404 2273 1469 aliud
2334 1424 2519 1483 nunc*
2587 1409 2751 1489 qumi

460 1512 610 1595 huic
681 1508 1179 1580 manifestationi
1251 1528 1623 1593 congruum,
1707 1510 1815 1593 qui
1897 1510 2024 1575 iam
2107 1509 2422 1576 declarato
2499 1514 2751 1577 nomine

464 1615 805 1684 Christiani
843 1615 1254 1701 appellamur,
1305 1615 1647 1692 offerimus,
1697 1635 1820 1680 non
1861 1616 2069 1680 solum
2110 1615 2490 1701 euangelicis
2531 1637 2751 1681 nez-nn]

464 1722 655 1809 etiam
718 1721 1104 1806 propheticis
1168 1721 1400 1786 litteris
1467 1720 1954 1789 demonstratur.
2019 1721 2290 1787 mutatio
2349 1722 2579 1805 quippe
2639 1745 2755 1785 nan

466 1828 565 1894 dei
610 1846 732 1894 non
791 1828 995 1912 ipsius
1048 1827 1376 1912 religionis
1433 1826 1546 1892 sed
1602 1826 2052 1893 sacrificiorum
2103 1830 2169 1892 et
2222 1837 2755 1893 sacrament-erum

467 1932 841 2019 inpudenter
892 1952 1057 2001 nunc
1111 1933 1436 1998 uideretur
1488 1932 1868 2017 praedicata,
1924 1933 2046 1999 nisi
2101 1932 2335 1999 suisset
2385 1938 2531 2000 ante
2587 1957 2755 2017 prae-

467 2040 656 2106 dicta.
723 2058 915 2124 quem
975 2039 1055 2105 ad
1118 2038 1381 2106 modum
1438 2038 1606 2104 enim
1669 2058 1836 2105 unus
1891 2038 2184 2123 idemque
2251 2040 2461 2118 homo,
2527 2045 2579 2105 si
2643 2041 2755 2105 den

469 2164 650 2213 mane
707 2145 884 2223 aliud
930 2145 1151 2212 offerat
1195 2145 1372 2213 aliud
1418 2163 1684 2230 uespere
1737 2164 1851 2229 pro
1901 2146 2310 2232 congruentia
2355 2145 2555 2211 diurni
2607 2153 2755 2209 tem-

465 2251 659 2336 poris,
706 2270 829 2318 non
869 2251 1058 2318 deum
1105 2252 1315 2319 mutat
1358 2269 1472 2317 nec
1516 2250 1889 2336 religionem
1937 2251 2107 2317 sicut
2150 2270 2264 2317 nec
2312 2252 2603 2317 salutem*
2655 2253 2759 2333 qui

469 2359 592 2425 alio
648 2358 836 2425 modo
892 2376 1074 2435 mane
1127 2358 1252 2424 alio
1309 2376 1574 2439 uespere
1631 2358 1893 2434 salutat,
1947 2358 2039 2422 ita
2089 2357 2154 2422 in
2210 2357 2507 2423 uniuerso
2555 2369 2759 2421 tractu

474 2464 895 2542 saeculorum,
951 2478 1097 2529 cum
1144 2463 1318 2556 aliud
1367 2463 1650 2530 oblatum
1699 2467 1799 2529 est
1846 2464 1923 2528 ab
1979 2464 2259 2546 antiquis
2306 2465 2539 2529 sanctis
2591 2465 2759 2525 ali-nd

475 2571 551 2637 ab
609 2572 723 2649 eis,
780 2572 893 2654 qui
944 2589 1112 2637 nunc
1170 2574 1342 2649 sunt,
1398 2570 1675 2646 offertur,
1745 2589 1867 2636 non
1923 2570 2200 2635 humana
2253 2573 2763 2655 praesumptione

474 2677 585 2743 sed
658 2677 1032 2744 auctoritate
1105 2676 1323 2742 diuina
1394 2676 1788 2759 temporibus
1865 2695 2144 2760 congrua
2216 2694 2395 2741 sacra
2462 2677 2763 2761 mysteria

471 2782 884 2861 celebrantur,
931 2802 1053 2848 nou
1102 2783 1257 2849 deus
1307 2786 1419 2847 aut
1464 2781 1687 2867 religio
1737 2785 2186 2849 commutatur.

476 2989 568 3048 IV.
608 2989 711 3045 DE
743 2988 843 3045 Eo
884 2986 1086 3060 QUOD
1128 2988 1489 3045 SCRIPTUM
1524 2989 1686 3047 EST:
1723 2988 1814 3044 IN
1854 2988 2018 3055 QUA
2045 2988 2456 3044 MENSURA
2507 2989 2759 3045 MENffiJ

965 3077 1379 3165 FUERITIS.
1428 3070 1974 3133 REMETIETUP.
2023 3076 2288 3131 VOBIS.

559 3204 697 3269 Iam
761 3222 929 3269 nunc
985 3203 1208 3269 deinde
1272 3204 1629 3283 uideamus,
1698 3205 1884 3288 quale
1946 3204 2059 3283 sit,
2122 3203 2293 3287 quod
2346 3204 2423 3270 de
2458 3181 2769 3269 ’ωῡπιὲητι-ἰ

475 3309 719 3393 peccati
776 3313 967 3393 atque
1033 3310 1333 3393 supplicii
1388 3311 1724 3395 proposuit
1779 3311 1870 3376 sic
1927 3309 2260 3395 euangelio
2318 3310 2767 3375 calumniatus:

654 3536 723 3589 22
761 3535 959 3590 Matth.
1005 3537 1054 3602 7,
1094 3538 1127 3591 2

547 3659 580 3713 5
619 3674 655 3727 p
692 3657 938 3715 MAPG,
1091 3660 1123 3712 6
1163 3661 1570 3729 congruentiam
1608 3657 1910 3714 HMAPG
2089 3656 2406 3717 testamenti
2448 3656 2490 3723 (i
2531 3673 2591 3709 cx
2635 3677 2767 3709 [mr.

475 3748 626 3810 nam
664 3739 735 3800 Η
837 3745 870 3799 7
910 3750 967 3802 et
998 3748 1056 3802 in
1096 3749 1256 3802 unius
1295 3748 1375 3817 (in
1412 3748 1517 3804 del.
1554 3765 1622 3803 m.
1644 3749 1706 3818 2)
1743 3746 1854 3801 PG
1892 3750 1950 3801 et
1983 3746 2040 3800 in
2079 3745 2238 3800 unius
2265 3743 2454 3799 ΗΜΛ
2599 3765 2771 3797 saeer-

478 3833 624 3890 dosii
659 3835 721 3890 E
826 3835 860 3889 8
897 3852 958 3890 ex
996 3834 1140 3906 fuso]
1178 3833 1299 3889 fuso
1337 3835 1398 3890 Ε
1431 3834 1598 3889 effuso
1640 3836 1780 3903 aeg(
1809 3851 1871 3889 ex
1909 3833 2079 3889 effuso
2119 3832 2259 3887 lrns
2384 3834 2418 3886 9
2455 3837 2771 3885 manifesta-

476 3923 648 3988 tione,
685 3938 824 3978 corr.
863 3922 1296 3978 manifestationi
1333 3923 1401 3978 H
1509 3923 1574 3977 lo
1612 3922 1907 3980 christiane
1942 3922 2005 3977 Ε
2063 3995 2068 4000 .
2119 3921 2194 3987 ‚14
2230 3919 2503 3991 idemque]
2543 3921 2683 3973 ish-111
2727 3921 2783 3973 E

482 4012 547 4068 16
572 4010 815 4082 nec]·sed
845 4012 901 4066 Δ.
1008 4013 1148 4067 sicut
1183 4028 1285 4067 nec
1323 4012 1554 4066 salutem
1580 4027 1684 4066 om.
1713 4010 1776 4066 E
1878 4010 2055 4065 salute
2091 4009 2138 4065 Ο
2223 4010 2289 4064 17
2327 4009 2575 4078 uespere}
2619 4009 2775 4057 modu

481 4115 705 4171 uespere
745 4097 795 4154 0
934 4100 1191 4157 uniuersa
1222 4099 1291 4155 H
1429 4100 1632 4170 tractu]
1672 4102 1950 4154 transacto
1979 4096 2040 4153 E
2132 4097 2199 4152 21
2232 4105 2775 4151 nou—commutatus

483 4203 583 4242 om.
621 4192 674 4244 A
894 4190 965 4244 22
1000 4188 1077 4244 IV
1114 4205 1217 4244 ons.
1258 4186 1488 4243 MACG
1525 4192 1720 4259 quarta
1757 4187 2006 4258 quaestio
2043 4186 2105 4241 E
2350 4186 2482 4242 item
2523 4185 2587 4237 dc·
2631 4205 2691 4233 *ar-
2739 4185 2783 4233 s?

554 4275 622 4331 de
660 4276 955 4332 eo—uobis
992 4282 1073 4333 dm
1135 4275 1186 4333 G
1372 4277 1478 4346 est]
1521 4280 1607 4331 est
1640 4278 1696 4332 in
1737 4275 2026 4346 euangelio
2063 4275 2123 4330 E
2325 4275 2394 4329 23
2431 4277 2687 4327 metietur
2735 4273 2783 4321 Η

483 4367 554 4421 24
592 4364 788 4421 deinde
826 4381 931 4421 om.
971 4367 1031 4422 E
1172 4365 1361 4437 quale·
1391 4366 1527 4434 (fuit
1563 4366 1611 4435 s)
1646 4364 1785 4420 HM
1890 4365 1960 4421 25
1997 4364 2098 4433 sic]
2140 4363 2219 4418 sic
2256 4363 2311 4417 in
2350 4361 2412 4417 E

2599 4469 2663 4517 1Ἠῇ
2675 4473 2691 4490 *
