3309 4867
611 421 874 493 epistularum
902 421 999 476 LXIII.
1022 420 1116 476 mv,
1371 425 1436 489 229

291 616 438 683 similiter
460 617 592 701 corrige.
625 597 726 699 noque
750 617 833 681 enim
857 615 978 696 usr'eor,
1002 636 1040 681 ns
1062 618 1099 682 tn
1123 637 1237 699 pamm
1257 597 1435 702 intellegas,

292 726 428 807 quantus
447 723 552 788 aditus
570 724 713 806 aperitur
731 723 769 787 ud
789 722 1029 787 dissoluendum
1048 722 1188 788 ordinem
1202 723 1437 789 ecclesiasticae

292 829 488 914 disciplinas,
512 829 539 893 si
563 829 694 895 ulterius
719 817 871 894 ecelesiae
894 829 1029 894 clericus
1057 828 1247 913 suinumque
1274 829 1437 901 iurauerit,

292 937 375 1019 quod
403 937 443 1000 ub
471 936 542 1019 ipso
570 954 632 1001 non
660 936 704 1000 sit
730 953 926 1012 recessurus,
949 955 1022 999 eum
1047 953 1155 1000 seeum
1177 954 1250 999 esse
1271 935 1438 1020 permittet

259 1042 361 1107 rideo
394 1060 429 1106 se
460 1043 563 1106 iuuere
594 1040 773 1118 adfirmans,
805 1061 844 1105 ne
877 1045 989 1106 auctor
1019 1041 1063 1106 sit
1093 1041 1163 1106 eius
1195 1036 1334 1123 periurii,
1363 1060 1435 1105 eum

290 1143 442 1232 proiecto,
471 1146 526 1231 qui
553 1135 620 1212 hoe
640 1165 701 1212 non
731 1149 815 1213 sinet
841 1166 898 1212 use
925 1148 1018 1212 illum
1040 1147 1124 1230 apud
1147 1147 1254 1231 ipsum
1276 1165 1436 1212 remanere

290 1254 463 1338 permittet,
488 1251 563 1335 quin
585 1251 624 1319 de
648 1272 692 1330 se,
716 1271 776 1318 nun
801 1254 839 1318 de
863 1253 961 1319 altero
984 1254 1087 1318 iurare
1114 1253 1230 1336 potnit,
1258 1253 1326 1336 ipse
1354 1253 1437 1336 puci-

289 1359 382 1426 fienm
405 1350 549 1443 regulum
572 1358 640 1424 sine
662 1359 770 1442 ulique
792 1360 1033 1443 reprehensione
1062 1359 1232 1425 custodiat.

810 1552 919 1618 LXIV.

123 1717 128 1752 ¹
248 1731 274 1772 ω
321 1706 467 1764 nummu
486 1706 741 1763 nmncmssnro
759 1707 892 1768 nusum
909 1707 955 1762 ΕΤ
974 1706 1282 1762 CONPRESBYTERO
1302 1706 1404 1772 QUIN·

473 1795 586 1851 TIANO
606 1793 838 1852 AUGUSTINUS
856 1796 898 1851 IN
917 1794 1062 1851 nouum
1082 1795 1257 1851 SALUTEM.
1489 1814 1491 1816 ’

199 1909 229 1972 Ῑ’
334 1923 400 1988 Nus
424 1939 485 1986 non
510 1921 719 2006 dedignamur
741 1920 881 2004 aspicere
905 1940 1037 2004 corpora
1059 1921 1165 1986 minus
1188 1920 1330 2002 pulchra,
1349 1940 1437 2003 prue-

290 2029 399 2094 sertim
418 2024 490 2093 eum
510 2028 598 2111 ipsse
622 2027 744 2120 enimse
769 2032 895 2096 nostrae
918 2027 1055 2093 nundum
1079 2017 1231 2111 pulchrae
1253 2027 1328 2104 sint,
1353 2027 1438 2092 sieut

290 2153 342 2199 eus
374 2136 498 2200 futurus
530 2153 706 2215 speramus,
744 2151 828 2200 cum
863 2133 919 2198 ille
951 2133 1151 2198 ineffabiliter
1182 2132 1314 2214 pulcher
1345 2132 1436 2199 nobis

244 2240 537 2323 nappurnsrit,
569 2240 600 2304 in
635 2259 728 2324 quem
762 2238 856 2308 modo
890 2259 949 2305 non
979 2237 1130 2304 uidentes
1155 2238 1325 2315 credimus3
1358 2243 1437 2303 tune

289 2347 374 2410 enirn
407 2346 568 2412 similes
602 2346 638 2410 ei
666 2347 829 2424 erimus,
860 2346 1048 2429 quoniam
1077 2344 1308 2411 uidebimus
1337 2365 1435 2418 enm,

289 2452 413 2517 sicuti
431 2452 620 2536 estquod
643 2455 677 2517 et
698 2454 734 2516 tn
759 2452 797 2516 de
820 2452 924 2517 nuimu
946 2456 1013 2528 tun,
1037 2452 1064 2516 si
1086 2452 1223 2516 libenter
1245 2454 1278 2515 et
1299 2452 1435 2516 fraterne

288 2577 339 2621 me
362 2557 490 2641 recipis,
516 2557 723 2623 admonemus
747 2561 784 2622 nt
807 2559 925 2623 sentias
950 2577 1006 2623 nee
1029 2557 1158 2622 eundem
1179 2557 1344 2640 pulchrum
1364 2576 1435 2622 esse

288 2683 483 2746 praesumas,
508 2664 574 2741 sed,
599 2683 692 2746 quem
717 2663 755 2728 od
779 2663 910 2729 modum
934 2651 1098 2746 apostolus
1126 2663 1289 2746 praeripit,
1317 2663 1348 2727 in
1378 2682 1434 2746 spe

241 2790 270 2830 so
288 2769 427 2853 gaudeas
451 2773 493 2848 et,
517 2769 602 2852 quui
625 2770 779 2852 sequitur,
804 2770 917 2846 froiam
942 2771 989 2835 sic
1013 2770 1095 2833 enim
1119 2768 1212 2834 dicit:
1244 2768 1318 2851 Spe
1346 2788 1433 2853 guu-

288 2873 440 2956 (lentes,
470 2876 506 2940 in
536 2875 809 2942 tribulatione
836 2877 1063 2959 patientem
1097 2893 1166 2957 spe
1195 2875 1299 2939 enim
1324 2875 1433 2939 salui

287 2982 391 3047 fecti
420 3001 582 3057 sumum.
604 2983 690 3047 sient
711 3000 822 3047 rursus
846 2981 931 3047 idem
955 2982 1024 3064 ipss
1047 2980 1140 3046 dieii:
1164 2981 1263 3063 Spes
1287 2987 1432 3058 autem,

288 3107 388 3173 quse
412 3087 591 3165 uidetur,
615 3106 689 3152 non
714 3091 777 3153 esi
800 3107 910 3171 spem
934 3087 1041 3171 quud
1065 3088 1166 3152 enim
1192 3087 1306 3152 uidet
1329 3087 1432 3169 quis,

286 3194 383 3278 quii
416 3198 577 3276 speret?
606 3194 639 3258 si
669 3197 812 3270 entem,
841 3194 945 3276 quod
973 3211 1049 3258 nun
1078 3193 1273 3270 uidemus,
1302 3212 1431 3275 spera-

240 3318 267 3361 ss
285 3319 381 3378 runs,
406 3295 745 3384 perpetientibus
771 3305 1041 3383 expectamus.
1069 3302 1146 3366 huus
1169 3301 1321 3383 patientis
1344 3301 1375 3365 in
1400 3305 1431 3364 te

375 3489 516 3546 1411011.
536 3490 561 3556 3,
580 3490 597 3544 2
651 3489 686 3543 20
704 3491 781 3546 Rom.
802 3491 845 3554 12,
866 3491 899 3545 12
953 3492 985 3545 21
1007 3491 1083 3544 Rom.
1102 3492 1129 3553 8,
1149 3481 1254 3546 24-25

322 3612 460 3683 leorrige
479 3613 605 3667 similiter
626 3612 652 3666 T
721 3613 867 3667 funditus
885 3614 913 3669 R
1003 3615 1137 3685 reperitur
1160 3613 1214 3668 VU
1226 3692 1229 3698 Α
1284 3615 1355 3685 isi]
1374 3615 1430 3670 sel.

284 3699 515 3757 wsr.m.1siR
568 3697 758 3755 4reeessurus
773 3704 916 3771 (pusio
934 3719 991 3759 rus.
1005 3707 1080 3768 nr.1;
1092 3702 1189 3770 fuitne
1206 3701 1301 3770 n?)R
1356 3707 1428 3771 eum]

285 3806 345 3846 enm
367 3789 423 3847 VU
474 3790 596 3861 bipsum
615 3806 677 3851 om..
694 3795 755 3844 nef
774 3791 840 3845 add.
859 3789 894 3844 Η
946 3791 1083 3861 lpotuit]
1100 3798 1117 3845 t
1137 3791 1229 3861 potuit
1246 3789 1278 3845 H

373 3913 451 3967 Idem
469 3913 581 3978 sudines,
600 3914 649 3982 qui
666 3914 698 3966 in
716 3929 755 3983 err
775 3914 1005 3969 LXI-LXIII.

320 4035 354 4089 10
372 4034 449 4090 fratri
467 4051 519 4092 one.
537 4036 570 4090 H
624 4038 657 4091 16
677 4037 702 4090 ei
720 4036 822 4091 similes
847 4037 902 4092 VU
976 4042 1251 4108 qn.corr.m.1qm
1269 4037 1303 4091 H
1319 4036 1427 4107 qnsndo

287 4121 347 4177 Um
402 4124 435 4178 17
455 4127 484 4178 et
501 4125 543 4193 tu]
562 4128 592 4179 tu
614 4123 669 4180 VU
719 4124 837 4180 libenter
856 4128 938 4194 utque
958 4127 1076 4181 fraterne
1095 4126 1122 4180 U
1156 4127 1190 4181 20
1209 4125 1339 4196 gaudens]
1360 4141 1427 4194 gau·

184 4255 191 4272 .
283 4210 426 4267 denmsl'
479 4212 559 4283 dicit]
577 4212 676 4269 dieitur
698 4213 754 4269 VU
799 4215 833 4270 21
854 4215 990 4286 patientes
1007 4216 1039 4268 in
1056 4232 1112 4268 rus.
1139 4214 1164 4266 V
1180 4214 1339 4284 gaudentes,
1359 4230 1428 4268 corr.

282 4302 328 4372 (m.
348 4301 399 4368 if)
418 4302 554 4371 patientes
578 4300 606 4357 U
655 4303 692 4359 25
708 4301 787 4374 beer}
806 4303 874 4358 bees
892 4306 984 4358 sutem
1006 4302 1034 4358 U
1369 4281 1381 4303 ’
