3309 4867
267 405 331 469 638
628 404 655 458 S.
683 404 818 459 Aureli
847 403 1063 472 Augustini

267 616 317 661 me
336 615 462 661 scursu
482 615 553 661 meo
571 615 716 672 reuoees3
736 596 793 661 ille
810 594 893 661 enim
913 594 983 661 sola
1000 596 1071 661 uisa
1090 601 1149 674 est,
1169 616 1265 680 quam
1282 615 1411 679 praepo·

266 721 370 769 nerem
390 701 478 767 mihi.
502 701 613 767 fratres
634 722 752 779 omnes,
777 702 832 785 qui
850 702 943 767 nobis
962 701 993 767 in
1013 702 1140 767 domino
1160 702 1304 768 eonsemi
1327 705 1411 767 sunt.

268 811 300 871 et
322 806 467 872 desidero
491 808 629 872 multum
653 811 685 873 et
708 809 824 873 saluto.

738 1003 741 1007 ’
808 1000 873 1067 CX.

265 1137 412 1194 DOMINO
436 1138 656 1196 BRATISSIHO
679 1139 801 1207 Arous
827 1138 1048 1196 DULCISSIMO
1072 1137 1292 1194 VRNRRABILI
1316 1138 1412 1193 Nutr-
1444 1151 1459 1189 s

267 1225 396 1292 UMQUR
414 1225 676 1283 uusluausmu
693 1228 826 1283 FRATRI
844 1227 892 1283 ΕΤ
910 1225 1190 1284 consecutivum
1208 1227 1349 1283 SEVERO
1367 1226 1414 1281 ΕΤ

267 1315 330 1384 QUI
358 1314 482 1373 TRCUM
510 1315 604 1373 SUNT
631 1316 834 1373 FRATRIBUS
861 1315 1093 1373 AUGUSTINUS
1118 1315 1167 1371 ΕΤ
1194 1314 1258 1382 QUI
1284 1315 1415 1372 MRCUM

494 1405 589 1461 SUNT
607 1405 771 1461 FRATRES
789 1405 829 1460 IN
848 1404 995 1461 DOMINO
1014 1404 1192 1461 SALUTEM.

225 1533 237 1595 1
310 1529 457 1613 Epistula
489 1550 569 1609 mea,
602 1550 697 1616 quam
729 1532 873 1617 paruerit
898 1531 1084 1598 canusinus
1116 1531 1202 1597 tilius
1231 1535 1265 1597 et
1290 1529 1415 1597 condia-

269 1655 366 1702 conus
393 1639 503 1701 noster
525 1637 723 1720 Timotheus,
751 1638 814 1703 iam
842 1642 952 1720 parata
978 1641 1046 1702 erat
1071 1638 1262 1720 profecturo,
1290 1636 1414 1721 quando
1432 1665 1460 1707 ro

267 1743 324 1807 tilii
347 1741 447 1807 nostri
470 1739 717 1821 Quodauttdeus
741 1745 773 1809 et
797 1742 998 1810 Gaudentius
1022 1742 1061 1808 ad
1083 1763 1142 1809 nos
1164 1747 1320 1809 uenerunt
1341 1761 1414 1809 cum

266 1849 382 1915 litteris
409 1848 486 1914 tuis.
518 1848 595 1942 iude
623 1850 744 1916 factum
778 1854 837 1928 est,
870 1853 909 1914 ut
935 1848 1086 1916 continuo
1118 1849 1323 1935 proficiscens
1353 1868 1415 1915 non

267 1954 403 2020 adferret
422 1955 659 2038 responsionem
682 1975 797 2034 rasam,
824 1955 973 2038 quoniam
996 1959 1071 2039 post
1091 1955 1219 2022 illorum
1240 1956 1414 2022 aduentum

268 2060 594 2146 quantulumcumque
621 2061 706 2145 apud
729 2081 786 2129 nos
808 2062 985 2128 inmoratus
1010 2067 1061 2129 est
1083 2067 1115 2130 at
1136 2065 1338 2149 proiecturus
1360 2084 1415 2148 per

268 2167 360 2232 hores
391 2166 535 2253 singulas
566 2166 744 2235 uidebatur.
784 2168 841 2239 sad
874 2169 936 2234 etsi
972 2187 1029 2252 per
1059 2188 1132 2234 eum
1167 2171 1412 2252 respondissem,
1433 2195 1461 2237 ra

269 2273 373 2339 adhue
395 2272 520 2339 debitor
546 2274 655 2342 iorem.
683 2293 756 2339 nuru
781 2276 814 2339 et
840 2293 934 2351 nune,
962 2273 1047 2355 quod
1070 2274 1180 2341 uideor
1201 2276 1414 2359 respondisse,

269 2379 391 2445 debitor
418 2399 490 2445 sum
518 2400 580 2446 nou
608 2381 678 2446 dieo
704 2381 856 2458 sanitatis,
883 2398 978 2464 quam
1005 2383 1094 2447 tanto
1121 2381 1225 2466 magis
1253 2381 1414 2458 debemus,

270 2489 386 2568 quantu
414 2486 553 2568 amplius
578 2486 825 2571 inpenderimus,
855 2486 947 2552 ouius
975 2505 1033 2552 uos
1060 2494 1229 2571 perpetuos
1256 2486 1414 2553 debitores

268 2591 407 2657 ostendit
438 2592 601 2675 spostolus
630 2593 754 2658 disens:
782 2592 1185 2677 Neminiquiequsm
1214 2592 1413 2670 debeatis,

268 2698 348 2763 nisi
380 2700 424 2762 ut
454 2697 632 2764 iuuieem
665 2698 870 2784 diligatis,
908 2697 965 2763 sed
1001 2699 1102 2783 ipsius
1134 2699 1291 2783 epistulae
1323 2703 1460 2776 tuaeero

268 2804 393 2886 quaudo
412 2805 495 2869 enim
519 2804 676 2871 sufficiam
694 2809 769 2871 torua
788 2805 942 2871 suauitati
961 2808 1130 2887 tantaeque
1148 2804 1295 2871 auiditati
1318 2804 1413 2870 animi

269 2909 328 2988 tui,
351 2929 445 2993 quam
469 2909 548 2975 mihi
569 2912 653 2978 leota
670 2911 853 2978 nuntiauit?
875 2930 942 2977 rem
961 2910 1090 2995 quidem
1111 2911 1143 2976 in
1161 2915 1194 2977 te
1217 2911 1297 2977 mihi
1318 2912 1415 2977 notis·

360 3077 393 3131 19
411 3076 488 3130 Rem
510 3077 551 3140 13,
570 3077 587 3132 8

308 3202 321 3255 l
341 3218 401 3255 meo
420 3218 482 3260 oea..
500 3204 566 3255 snt
584 3201 648 3256 add.
667 3199 705 3256 rt
809 3214 921 3255 rsuoees
939 3215 999 3255 meo
1018 3199 1078 3255 edei.
1183 3200 1249 3263 uisi,
1268 3215 1337 3255 sorr.
1355 3205 1415 3255 ee!

271 3289 330 3344 uisa
347 3288 380 3342 K
1267 3303 1270 3308 ’
1302 3317 1349 3358 υ..

427 3388 454 3440 Ρ
483 3411 517 3434 ==
536 3388 594 3442 ced.
615 3388 766 3442 Parisinus
781 3403 847 3442 sou.
868 3402 926 3457 usp.
946 3388 1023 3439 1443
1040 3400 1062 3441 s.
1080 3384 1203 3440 ΙΧ-Χ.

429 3477 465 3530 Μ
484 3500 519 3524 ε.-
538 3476 597 3530 cod.
614 3476 797 3531 Monacensis
816 3477 898 3530 62⁶6
915 3491 936 3530 s.
957 3474 995 3529 X.

430 3563 461 3618 F
482 3588 516 3611 =
536 3561 593 3621 eod.
613 3562 833 3634 Saluo-syenes
850 3564 940 3618 1129
956 3578 978 3617 s.
998 3560 1119 3616 Χ-ΧΙ.

430 3652 458 3704 Δ
487 3675 520 3698 =
538 3653 596 3706 ced.
616 3643 924 3722 Audemuropole'tunus
944 3652 991 3714 76,
1010 3651 1037 3711 8.
1058 3653 1076 3703 9
1092 3666 1114 3706 s.
1132 3648 1255 3704 X-Xl.

430 3739 467 3793 Ρι
484 3764 518 3787 =
538 3741 595 3795 ced.
614 3741 767 3795 Parisinus
783 3756 852 3795 nors,
869 3755 927 3810 uoq.
945 3741 1024 3793 1444
1041 3753 1062 3793 s.
1083 3737 1138 3792 XI.

430 3829 458 3884 R
486 3853 520 3874 ==
539 3829 596 3884 eod.
615 3829 692 3886 Mus.
711 3831 785 3885 Brit.
802 3828 869 3900 Rep.
892 3827 958 3883 61)
980 3826 1026 3883 VI
1039 3844 1061 3882 a.
1080 3827 1241 3882 XI-XII.

307 3952 323 4004 6
342 3958 439 4022 eoeepo
459 3968 493 4007 ex
511 3968 579 4006 corr.
599 3970 632 4006 m.
644 3955 672 4018 2,
689 3953 777 4021 fuisse
793 3950 853 4006 uid.
873 3957 968 4006 oonsdo
986 3944 1014 4005 P
1106 3948 1301 4004 et-iratribus
1319 3964 1371 4003 ess.
1389 3948 1418 4003 P

271 4040 288 4094 8
306 4037 416 4109 frames]
437 4044 481 4109 sps
500 4039 564 4110 (dei.
583 4058 617 4094 nr.
629 4044 658 4102 2)
678 4041 720 4096 ms
741 4040 775 4094 Ρ1
879 4040 913 4095 10
931 4039 985 4093 iam
1005 4038 1112 4108 parata]
1129 4038 1264 4108 inparata,
1282 4040 1347 4091 m
1363 4038 1414 4091 im·

271 4127 412 4198 paretaP
465 4130 603 4184 llnostri
622 4130 729 4185 orreP¹
794 4130 827 4184 18
846 4128 967 4185 autemst
984 4128 1021 4182 P¹
1084 4128 1117 4183 16
1133 4130 1201 4182 tune
1218 4123 1307 4179 MFA
1326 4127 1417 4193 uesr
1518 4191 1522 4197 .

274 4217 306 4273 18
325 4215 530 4288 inpenderemus
549 4217 613 4272 ΑΡΙ
687 4219 720 4271 19
739 4216 846 4273 debetis
863 4216 892 4274 R
957 4217 995 4271 ⁴21
1015 4215 1206 4271 sufficientiam
1225 4216 1253 4268 A
1320 4213 1355 4268 22
1371 4214 1414 4267 tui

272 4305 364 4375 quam]
384 4305 509 4375 cuiquam
530 4305 556 4358 P
623 4307 650 4362 in
670 4309 698 4360 te
718 4306 784 4361 mihi
802 4315 853 4361 om.
872 4305 900 4360 Δ
918 4304 986 4359 niti
1004 4304 1032 4359 in
1050 4308 1079 4359 te
1097 4302 1158 4359 aad.
