3309 4867
299 389 364 454 624
651 387 678 444 S.
705 386 844 441 Aureli
871 387 1069 457 Angustin

299 582 512 648 nentilebrum
556 583 654 648 etiem
693 583 773 649 ferre
815 601 910 668 posse
952 587 1009 650 nut
1045 604 1064 650 n
1100 585 1259 651 frumento
1300 585 1456 651 uninersn

299 689 420 756 zizania
442 688 579 755 hnmano
598 689 717 755 indioio
730 707 892 772 seperare.
918 690 1056 775 superbo
1074 695 1123 757 est
1145 691 1210 757 ists
1232 692 1453 776 praesumptio

299 799 332 861 et
359 796 514 882 sacrilego
536 796 720 871 obstinatio,
749 816 844 879 quem
873 797 935 863 sibi
962 798 1051 863 lnror
1078 816 1198 884 prnnne
1227 798 1377 876 adsumit,
1408 802 1452 876 et,

299 902 376 969 dnm
394 903 456 968 sibi
476 921 602 987 semper
619 902 741 987 eliqnid
759 903 909 987 emplius,
929 923 1026 987 quam
1043 905 1132 971 mitis
1150 904 1277 971 institis
1295 901 1453 988 deposcit,

300 1009 483 1087 adsumunt,
503 1009 546 1075 de
565 1009 701 1076 enclesis
718 1015 854 1093 perennt
871 1014 914 1089 et,
938 1010 1016 1076 dum
1035 1031 1070 1077 se
1092 1012 1265 1078 insolenter
1283 1011 1452 1088 extollunt,
1483 1034 1498 1072 ι

299 1115 371 1199 ipso
395 1133 454 1182 sno
477 1119 603 1181 tumore
627 1114 749 1182 essenti
771 1116 917 1183 neritetis
940 1117 1049 1182 lumen
1074 1118 1249 1184 emittunt‘

235 1218 291 1282 12·
345 1218 431 1300 Quid
467 1222 527 1288 lieo
564 1221 713 1308 Cypriani
752 1221 966 1289 adtestatione
1003 1222 1132 1301 elarius,
1170 1223 1247 1306 qnid
1282 1225 1452 1291 uerenins‘?

299 1327 401 1404 uides,
425 1333 544 1414 quante
562 1329 751 1415 euangelica
769 1331 804 1395 et
825 1329 1005 1414 apostolice
1026 1330 1099 1396 lnoe
1120 1330 1336 1416 prselnlgeet:
1359 1330 1452 1396 uides

299 1454 366 1515 eos,
399 1434 454 1519 qni
481 1436 573 1501 nelnt
602 1436 715 1502 odensi
741 1452 798 1520 pro
833 1453 893 1503 sun
922 1434 1051 1502 institis
1079 1434 1305 1520 iniqnitstibus
1338 1436 1452 1504 alienis

298 1541 452 1609 ecelesiae
479 1542 632 1609 deserunt
657 1543 825 1622 unitatem,
856 1541 947 1627 ipsos
974 1559 1047 1610 esse
1078 1542 1187 1625 potins
1214 1542 1451 1625 iniquissimos3
1474 1570 1499 1610 ιο

298 1647 391 1714 uides
422 1648 499 1715 foris
533 1667 605 1715 esse
636 1647 757 1718 sirenis
788 1667 857 1727 eos,
884 1647 940 1731 qni
967 1649 1139 1715 noluerunt
1163 1647 1197 1714 in
1229 1649 1352 1716 unitate
1383 1652 1452 1736 egri

299 1753 448 1822 dominini
482 1754 602 1822 nizonis
627 1755 777 1832 tolerare;
810 1753 903 1821 niden
934 1755 1012 1820 foris
1041 1770 1115 1820 esse
1144 1755 1270 1840 pnleem
1298 1759 1373 1832 eosl
1396 1758 1451 1841 qni

299 1860 467 1936 noluerunt
502 1862 535 1925 in
553 1862 696 1954 ‚nnitme
729 1860 845 1927 domne
880 1879 1014 1947 megnne
1050 1860 1130 1926 telin
1160 1860 1311 1938 tolerere3
1348 1861 1451 1938 uides,

299 1985 394 2050 quem
409 1967 564 2033 nereoiter
579 1968 734 2051 scriptum
748 1972 813 2034 est:
826 1964 964 2034 Filius
977 1968 1109 2033 melns
1127 1965 1216 2052 ipse
1235 1984 1278 2032 se
1296 1965 1451 2033 iustum

300 2072 416 2152 dicit,
435 2075 588 2142 exitum
607 2079 742 2142 entem
765 2093 880 2142 sunm
903 2092 978 2140 non
1002 2073 1152 2145 abluit:
1176 2073 1295 2139 exitum
1315 2072 1452 2152 seilicet,
1474 2103 1497 2145 n

303 2200 365 2268 quo
393 2181 458 2245 exit
480 2180 517 2245 de
541 2180 686 2258 ecelesia,
715 2198 776 2245 non
805 2183 933 2266 purget
960 2199 1022 2246 non
1046 2183 1186 2257 exensst,
1213 2198 1275 2245 non
1299 2178 1453 2256 defendit,

302 2305 363 2352 non
400 2303 515 2371 purum
548 2294 581 2352 et
617 2288 685 2354 sine
718 2287 849 2354 crimine
882 2286 1039 2363 ostendit3
1076 2287 1138 2352 hoo
1169 2290 1221 2354 est
1252 2284 1335 2352 enim
1368 2293 1453 2352 ‘non

302 2392 455 2470 obluit,
484 2394 569 2478 quin
599 2394 627 2459 si
655 2412 717 2459 non
741 2411 776 2459 se
800 2393 909 2476 ipsum
931 2393 1055 2460 iustum
1079 2391 1209 2471 diceret
1237 2391 1295 2459 ssd
1317 2411 1392 2459 nere
1415 2412 1454 2458 no

301 2497 446 2583 legitime
477 2499 583 2566 iustus
611 2503 708 2579 esset,
739 2519 802 2566 non
835 2500 935 2566 bonos
966 2502 1096 2584 propter
1126 2499 1229 2566 melos
1260 2498 1464 2590 impiissime,

301 2605 470 2682 desereret,
503 2605 560 2671 sed
590 2607 693 2672 melos
719 2609 852 2691 propter
877 2606 979 2673 bonos
1005 2605 1240 2690 patientissime
1268 2605 1453 2684 sustineret,
1472 2635 1501 2678 η

302 2711 403 2777 donee
432 2712 502 2795 ipse
529 2712 678 2780 dominus
710 2712 781 2778 siue
813 2731 870 2797 per
900 2731 936 2779 se
966 2711 1038 2778 sine
1059 2730 1129 2795 per
1159 2712 1290 2796 angelos
1319 2720 1401 2778 'snos
1435 2730 1454 2775 e

300 2817 408 2883 tritico
432 2817 561 2893 nizonis,
584 2838 604 2883 s
625 2819 793 2884 frumentis
815 2818 936 2902 pnless,
964 2837 983 2883 s
1006 2818 1094 2884 neeis
1117 2815 1351 2884 misericordiae
1374 2834 1453 2882 nese

301 2925 365 3008 ires
384 2927 418 2989 et
440 2924 557 2990 haedos
581 2925 620 2990 eb
640 2926 767 2991 onibus.
785 2924 892 3008 pisoes
914 2924 1017 2991 melos
1037 2944 1056 2989 n
1077 2923 1170 2991 bonis
1192 2924 1225 2989 in
1248 2923 1310 2989 dne
1332 2922 1451 2989 sneonli

302 3034 472 3114 separaret.

166 3132 213 3198 lv
237 3135 280 3198 13
348 3135 411 3204 Sed
439 3137 468 3203 si
494 3138 678 3204 testimonis
709 3137 765 3202 ille
798 3135 1038 3221 seripturarum,
1071 3152 1152 3219 qnae
1180 3134 1319 3202 maiores
1351 3135 1452 3199 nestri
1471 3165 1501 3206 ss

302 3242 341 3309 nd
370 3241 575 3309 diuidendum
602 3243 758 3328 populum
788 3242 839 3309 dei
865 3242 920 3309 nel
946 3242 1162 3328 intellegenda
1187 3242 1240 3308 nel
1267 3239 1452 3326 proferenda

302 3347 512 3428 erediderunt,
527 3350 629 3430 aliter,
648 3370 743 3433 quam
759 3349 939 3416 diuinorum
955 3349 1153 3434 eloquiorum
1170 3363 1283 3414 sensns
1297 3346 1452 3431 postulet,

301 3456 443 3541 sonipere
475 3456 642 3535 conamini,
677 3457 741 3522 inm
775 3456 925 3532 desinite3
963 3455 1125 3522 adtendite
1157 3452 1240 3520 illnd
1273 3452 1452 3537 speonlnm,

393 3646 427 3700 14
445 3646 574 3716 Septneg.
595 3645 706 3718 llnporp.
727 3645 771 3706 24,
790 3645 839 3707 85;
860 3644 888 3701 el
912 3643 993 3715 anp.
1012 3643 1092 3698 Pron.
1112 3643 1158 3708 30,
1178 3643 1211 3697 12

339 3753 352 3805 l
373 3751 426 3806 ism
445 3768 471 3804 m
486 3750 567 3821 Cypr.
580 3752 651 3820 Aup.
670 3757 770 3808 eontra
786 3750 911 3806 Gresnoss
930 3756 957 3805 et
974 3755 1074 3805 eontra
1091 3748 1231 3805 Gom.
1268 3745 1450 3803 debetinstio

302 3845 331 3895 et
349 3838 482 3909 sacrilege
499 3840 683 3910 praesumptio
699 3841 782 3909 Cypr.
796 3838 870 3910 Aup.
889 3843 987 3894 nom
1003 3838 1128 3893 Orneon.
1146 3842 1173 3891 et
1190 3841 1293 3891 somn
1309 3834 1451 3892 (dnum

302 3930 319 3981 o
339 3944 393 3999 qne
406 3929 434 3983 P
480 3930 497 3981 4
515 3928 631 3998 emplius
650 3927 754 3997 eliqnid
773 3927 828 3983 Π]
844 3928 906 3983 edd.
925 3927 1035 3997 qnidam
1052 3926 1115 3997 plns
1137 3927 1219 3995 Oppr.
1239 3923 1318 3996 (qnid
1335 3923 1452 3994 emplius

302 4016 361 4072 eod
384 4018 539 4085 Bamterp.)
563 4018 636 4085 nup.
659 4022 758 4073 noma
784 4016 909 4072 Cretense.
932 4022 959 4071 et
980 4020 1079 4071 eontra
1104 4013 1245 4069 Gasdmt
1268 4012 1321 4083 (ed.
1339 4011 1453 4079 Ilm,-

302 4104 380 4161 codd.
400 4105 527 4170 nomam)
578 4105 610 4160 12
629 4102 731 4158 domini
751 4103 819 4158 lem
867 4105 900 4159 13
918 4104 947 4159 in
965 4120 1016 4158 nm.
1040 4101 1067 4158 U
1112 4104 1145 4157 15
1164 4101 1239 4165 feeit,
1258 4103 1324 4156 neti
1342 4097 1409 4155 dicit
1427 4097 1456 4153 U

305 4196 338 4251 lo
356 4193 429 4265 qnod
448 4195 504 4247 enit
521 4193 555 4247 sb
576 4193 690 4247 ecclesis
713 4192 740 4248 U
820 4191 853 4246 18
870 4193 923 4247 hes
940 4192 969 4246 P
1047 4192 1082 4246 22
1101 4190 1181 4263 pelen
1198 4189 1226 4245 P
1301 4189 1336 4244 23
1354 4188 1397 4243 irs
1423 4193 1453 4243 et

302 4282 367 4337 edos
385 4282 413 4336 P
