3309 4867
273 324 337 389 138
383 319 384 322 ¹
628 322 658 380 S.
683 301 1071 395 Aureli-Augustini

228 515 248 578 2
319 515 386 582 Vos
415 519 534 596 eutem,
562 518 687 599 babes,
716 520 917 595 exhortamur
943 522 974 587 in
1004 520 1142 602 domino,
1165 525 1204 587 ut
1224 520 1427 606 propositum

250 623 419 688 uestrum
444 624 636 690 custodiatis
659 629 692 692 et
714 645 817 710 usqne
840 629 872 694 in
895 629 989 703 linem
1013 629 1225 713 perseueretis
1249 647 1297 706 sc,
1317 628 1430 710 siqua

274 749 372 813 opera
399 734 509 796 uestra
535 737 637 800 mater
664 732 808 799 ecclesia·
828 733 1068 810 desiderauerit,
1092 753 1149 802 nec
1173 734 1310 801 elatione
1332 733 1430 799 auida

274 836 459 921 suscipiatis
486 856 545 904 nec
573 838 756 906 blandiente
784 841 907 908 desidie
938 842 1109 926 respuatis,
1142 841 1198 908 sed
1230 840 1302 906 miti
1334 838 1429 905 corde

274 942 502 1026 obtemperetis
531 945 590 1012 deo
619 965 693 1012 cum
719 949 965 1016 mansuetudine
990 952 1156 1034 portantes
1180 968 1265 1023 eum,
1289 947 1345 1031 qui
1368 965 1428 1011 uos
1462 969 1481 1009 a

275 1047 372 1132 regit,
396 1049 465 1132 qui
488 1048 639 1137 dirigit
660 1054 781 1120 mites
805 1054 845 1121 in
868 1054 1038 1135 iudicio,
1063 1055 1229 1121 docebit
1252 1071 1433 1120 mansue.

275 1157 340 1219 tos
369 1154 460 1221 uias
489 1176 595 1224 snas.
624 1178 681 1226 nec
708 1167 852 1232 uestmm
876 1162 978 1229 otium
1003 1162 1251 1228 necessitatibus
1275 1159 1430 1226 ecclesiae

230 1290 232 1293 >
276 1261 490 1343 praeponatis,
518 1265 571 1330 cui
598 1267 785 1351 parturienti
814 1268 842 1333 si
870 1270 951 1335 nnlli
978 1269 1054 1335 boni
1087 1269 1265 1334 ministrare
1298 1265 1429 1342 uellent,

279 1382 342 1448 quo
379 1368 474 1434 modo
511 1372 730 1453 nasceremini,
763 1393 825 1443 non
857 1375 1054 1442 inueniretis.
1093 1377 1178 1441 siout
1209 1379 1316 1440 autem
1348 1372 1432 1438 inter

276 1469 385 1556 ignom
410 1479 444 1541 et
470 1495 585 1561 aquam
614 1480 749 1546 tenenda
776 1488 828 1548 est
853 1482 918 1560 uis,
941 1486 980 1548 ut
1002 1502 1059 1548 nec
1083 1486 1232 1548 exuratur
1254 1481 1349 1546 homo
1373 1498 1431 1544 nec
1452 1505 1481 1545 re

278 1576 488 1668 demergatur,
513 1586 560 1652 sic
584 1587 666 1653 inter
688 1590 811 1675 apicem
836 1591 1003 1675 superbiae
1027 1594 1060 1656 et
1082 1588 1267 1673 uoraginem
1290 1586 1432 1653 desidiae

277 1680 339 1749 iter
367 1693 510 1761 nostrum
542 1699 718 1780 temperare
750 1697 914 1775 debemus,
949 1698 1034 1763 sicut
1066 1693 1314 1781 scriptumest:
1345 1693 1432 1759 Non

284 1795 544 1866 declinantes
559 1820 687 1886 nequo
702 1803 749 1868 ad
768 1804 973 1870 dexteram
992 1822 1121 1885 neque
1140 1801 1186 1867 ad
1205 1799 1431 1867 sinistram

283 1907 359 1971 sunt
386 1904 484 1984 enim,
516 1908 582 1991 qui,
621 1907 697 1975 dnm
731 1910 826 1975 nimis
858 1911 983 1988 timent,
1016 1928 1056 1975 ne
1087 1907 1180 1994 quasi
1210 1907 1243 1976 in
1273 1907 1434 1973 dexteram

282 2012 371 2098 rapti⁴
398 2012 599 2094 extollantur,
631 2015 664 2080 iu
697 2015 860 2082 sinistrum
890 2017 974 2100 lapsi
1013 2016 1253 2100 demerguntur,
1290 2017 1323 2079 et
1358 2017 1435 2080 suut
1454 2034 1481 2075 n
1523 2073 1526 2078 .

282 2136 405 2197 rursus,
439 2119 505 2204 qui,
537 2117 614 2187 dum
646 2120 741 2188 nimis
773 2141 809 2187 se
841 2123 991 2189 auferunt
1019 2137 1038 2187 s
1064 2120 1204 2200 sinistra,
1237 2138 1277 2185 ne
1308 2120 1435 2203 torpida

267 2225 460 2293 ·uacatiouis
483 2227 621 2294 mollitia
642 2230 839 2309 sorbeantur,
865 2249 901 2296 er
924 2232 1026 2297 altera
1047 2233 1136 2314 purte
1157 2227 1328 2295 iactantiae
1346 2228 1433 2294 fastu

283 2331 424 2416 corrupti
450 2335 546 2417 atque
574 2335 756 2420 consumpti
783 2336 815 2401 in
848 2337 974 2403 fumum
1006 2336 1215 2419 ionillamqne
1246 2337 1432 2400 uanescunt

283 2437 330 2504 sic
358 2457 444 2524 ergo,
468 2439 682 2523 dilectissimi,
705 2441 833 2528 diligite
856 2445 970 2520 otium,
994 2446 1032 2510 ut
1055 2461 1115 2509 uos
1137 2444 1176 2509 ab
1200 2441 1287 2509 omni
1310 2443 1435 2506 terrena

283 2542 494 2612 delectatione
516 2547 682 2615 refrenetis
705 2553 738 2615 et
759 2551 968 2616 memineritis
993 2549 1119 2618 nullum
1141 2549 1248 2618 locum
1272 2566 1354 2624 esse,
1377 2546 1434 2615 ubi
1451 2565 1480 2607 se

282 2668 343 2717 non
366 2652 471 2734 possit
492 2653 625 2737 laqueos
648 2655 787 2734 tendere,
811 2657 868 2741 qui
890 2657 994 2737 timet,
1019 2675 1058 2723 ne
1076 2654 1260 2722 reuolemus
1278 2652 1319 2719 ud
1337 2653 1433 2720 deum

283 2760 316 2823 et
346 2757 511 2824 inimicum
544 2761 686 2827 omnium
717 2761 885 2844 bonorum,
917 2765 1011 2831 cuius
1043 2761 1164 2847 captiui
1192 2761 1325 2835 inimus,
1352 2758 1433 2825 iudi·

283 2881 404 2944 cemus,
435 2867 621 2952 nullamque
654 2887 725 2935 esse
756 2870 850 2937 nobis
881 2871 1055 2966 perlectam
1091 2860 1234 2954 requiem
1271 2866 1432 2953 cogitetis,

283 2968 409 3037 donee
437 2976 625 3040 transeat
658 2976 865 3059 iniquitas
893 2981 926 3042 et
957 2978 996 3043 in
1028 2975 1229 3043 iudicium
1260 2973 1434 3053 iustitis

284 3084 561 3147 conuertatur.
732 3063 735 3069 ’
1450 3097 1481 3141 ss

372 3303 506 3360 austu.
526 3306 569 3372 24,
589 3307 638 3370 13;
658 3306 701 3371 10,
720 3307 755 3362 22
819 3307 1000 3372 orsum
1064 3307 1099 3362 12
1117 3307 1200 3362 Dent.
1221 3305 1433 3371 17,.11;Pr0u.

281 3392 361 3459 4,27
417 3393 691 3461 alhdonso,
712 3397 745 3451 15

319 3517 411 3582 lant,
430 3519 495 3573 sset
512 3519 648 3575 sntemS
735 3519 961 3590 bparseuerslis,
981 3520 1047 3576 saal
1065 3517 1245 3590 perseuerans
1263 3517 1292 3572 Ρ
1379 3532 1434 3585 qua
1557 3535 1560 3540 ’

283 3620 392 3676 opersm
410 3612 530 3664 uestrum
547 3625 562 3663 s
580 3625 663 3679 qnsm
681 3626 791 3680 operam
809 3611 929 3665 uestram
943 3607 1043 3677 flrsr
1098 3608 1115 3663 3
1133 3606 1226 3661 auidis
1244 3608 1329 3674 (post.
1347 3604 1432 3673 issp,

282 3697 358 3762 Μ)
375 3695 414 3750 P¹
469 3696 608 3769 ddirigct
624 3714 674 3757 osc.
693 3714 766 3755 sacr.
785 3685 886 3753 litt?
934 3696 1056 3767 docebit]
1077 3696 1123 3767 qui
1142 3695 1224 3750 docet
1241 3693 1302 3748 edd.
1354 3694 1433 3748 ‘lec-

282 3784 383 3841 clesise
399 3786 610 3842 necessitanbus
627 3786 661 3842 Η
725 3786 871 3842 8boninun
892 3791 959 3854 (ros.
981 3784 1106 3852 4-51.)
1126 3784 1154 3838 P
1221 3783 1254 3837 10
1271 3780 1392 3838 tenenda
1409 3782 1434 3852 (t

282 3889 316 3929 cs
333 3889 404 3931 corr.
421 3892 456 3931 ss.
466 3875 498 3942 2)
516 3873 556 3930 P’
628 3876 659 3930 11
680 3875 862 3947 demergatur,
881 3893 915 3931 m.
935 3878 956 3929 2
974 3873 1142 3944 dimergatur
1159 3871 1197 3926 P¹
1217 3870 1384 3940 dimergatur
1401 3869 1435 3924 Η

284 3966 317 4022 18
341 3965 452 4021 dextera
474 3961 600 4020 PP¹SP²
689 3967 722 4021 15
745 3964 936 4036 dimerguntur
955 3963 988 4018 Η
1078 3962 1111 4018 16
1134 3977 1185 4016 nec
1203 3963 1277 4026 (nal
1295 3958 1346 4014 del.
1366 3957 1436 4026 ωδ

284 4055 317 4111 17
339 4053 459 4111 mollitie
480 4051 541 4109 edd.
634 4054 814 4112 russonum
838 4055 996 4123 fumumque
1020 4051 1080 4106 edd.
1189 4049 1356 4103 euanescnnt
1373 4045 1437 4102 1²¹8

282 4144 317 4199 22
337 4144 377 4215 et]
397 4142 445 4199 sed
463 4141 589 4204 PP¹8P²
642 4142 804 4213 iudicemus]
825 4143 994 4198 uindicemua
1013 4142 1093 4208 eslr
1147 4140 1181 4194 23
1199 4137 1279 4193 nubis
1299 4145 1358 4192 esse
1371 4135 1432 4191 cdd.

319 4234 458 4304 cogitetis,
476 4235 543 4287 ιι.)
562 4233 713 4303 cogitemus
732 4232 755 4286 S
772 4232 923 4301 cogitemus
942 4230 1003 4285 cdd.
1053 4230 1088 4283 24
1107 4227 1199 4292 iustis,
1213 4242 1248 4281 sn.
1260 4229 1280 4280 2
1292 4223 1436 4280 iustitias
