<?xml version="1.0" encoding="UTF-8"?>
<!DOCTYPE html PUBLIC "-//W3C//DTD XHTML 1.0 Transitional//EN"
    "http://www.w3.org/TR/xhtml1/DTD/xhtml1-transitional.dtd">
<html xmlns="http://www.w3.org/1999/xhtml" xml:lang="en" lang="en">
 <head>
  <title>
</title>
<meta http-equiv="Content-Type" content="text/html;charset=utf-8" />
  <meta name='ocr-system' content='tesseract 3.04.00' />
  <meta name='ocr-capabilities' content='ocr_page ocr_carea ocr_par ocr_line ocrx_word'/>
</head>
<body>
  <div class='ocr_page' id='page_1' title='image "./savreliavgvstin00goldgoog_0268.png"; bbox 0 0 3309 4867; ppageno 0'>
   <div class='ocr_carea' id='block_1_1' title="bbox 282 374 1090 446">
    <p class='ocr_par' dir='ltr' id='par_1_1' title="bbox 282 374 1090 446">
     <span class='ocr_line' id='line_1_1' title="bbox 282 374 1090 446; baseline -0.006 -11"><span class='ocrx_word' id='word_1_1' title='bbox 282 377 348 441; x_wconf 81' lang='grc'>246</span> <span class='ocrx_word' id='word_1_2' title='bbox 654 374 682 432; x_wconf 83' lang='lat' dir='ltr'>S.</span> <span class='ocrx_word' id='word_1_3' title='bbox 708 375 848 444; x_wconf 78' lang='lat' dir='ltr'>Aureli</span> <span class='ocrx_word' id='word_1_4' title='bbox 873 376 1090 446; x_wconf 76' lang='lat' dir='ltr'>Augustini</span> 
     </span>
    </p>
   </div>
   <div class='ocr_carea' id='block_1_2' title="bbox 279 567 1482 1185">
    <p class='ocr_par' dir='ltr' id='par_1_2' title="bbox 279 567 1482 1185">
     <span class='ocr_line' id='line_1_2' title="bbox 283 567 1435 656; baseline 0.003 -21"><span class='ocrx_word' id='word_1_5' title='bbox 283 588 344 636; x_wconf 87' lang='lat' dir='ltr'>sua</span> <span class='ocrx_word' id='word_1_6' title='bbox 374 569 497 635; x_wconf 83' lang='lat' dir='ltr'>desidia</span> <span class='ocrx_word' id='word_1_7' title='bbox 524 570 580 635; x_wconf 88' lang='lat' dir='ltr'>scd</span> <span class='ocrx_word' id='word_1_8' title='bbox 607 589 664 654; x_wconf 90' lang='lat' dir='ltr'>pro</span> <span class='ocrx_word' id='word_1_9' title='bbox 693 570 763 636; x_wconf 88' lang='lat' dir='ltr'>eius</span> <span class='ocrx_word' id='word_1_10' title='bbox 791 575 869 656; x_wconf 82' lang='lat' dir='ltr'>pace</span> <span class='ocrx_word' id='word_1_11' title='bbox 891 571 1019 649; x_wconf 82' lang='lat' dir='ltr'>fecisse,</span> <span class='ocrx_word' id='word_1_12' title='bbox 1043 567 1134 655; x_wconf 84' lang='lat' dir='ltr'>quod·</span> <span class='ocrx_word' id='word_1_13' title='bbox 1150 572 1236 638; x_wconf 79' lang='lat' dir='ltr'>fecit</span> <span class='ocrx_word' id='word_1_14' title='bbox 1264 572 1342 638; x_wconf 88' lang='lat' dir='ltr'>baec</span> <span class='ocrx_word' id='word_1_15' title='bbox 1365 572 1435 656; x_wconf 89' lang='lat' dir='ltr'>epi·</span> 
     </span>
     <span class='ocr_line' id='line_1_3' title="bbox 284 674 1434 761; baseline 0.003 -22"><span class='ocrx_word' id='word_1_16' title='bbox 284 674 371 740; x_wconf 84' lang='lat' dir='ltr'>stola</span> <span class='ocrx_word' id='word_1_17' title='bbox 402 675 625 747; x_wconf 75' lang='lat' dir='ltr'>mandarimus</span> <span class='ocrx_word' id='word_1_18' title='bbox 657 675 695 741; x_wconf 91' lang='lat' dir='ltr'>ut</span> <span class='ocrx_word' id='word_1_19' title='bbox 725 675 787 741; x_wconf 89' lang='lat' dir='ltr'>tibi</span> <span class='ocrx_word' id='word_1_20' title='bbox 819 694 881 741; x_wconf 90' lang='lat' dir='ltr'>uon</span> <span class='ocrx_word' id='word_1_21' title='bbox 913 678 1085 761; x_wconf 81' lang='lat' dir='ltr'>legeretur,</span> <span class='ocrx_word' id='word_1_22' title='bbox 1116 677 1178 744; x_wconf 88' lang='lat' dir='ltr'>nisi</span> <span class='ocrx_word' id='word_1_23' title='bbox 1205 697 1279 744; x_wconf 90' lang='lat' dir='ltr'>cum</span> <span class='ocrx_word' id='word_1_24' title='bbox 1305 678 1434 744; x_wconf 86' lang='lat' dir='ltr'>teiam</span> 
     </span>
     <span class='ocr_line' id='line_1_4' title="bbox 284 781 1433 868; baseline 0.003 -21"><span class='ocrx_word' id='word_1_25' title='bbox 284 783 436 858; x_wconf 77' lang='lat' dir='ltr'>tenerent,</span> <span class='ocrx_word' id='word_1_26' title='bbox 460 781 577 864; x_wconf 84' lang='lat' dir='ltr'>quibus</span> <span class='ocrx_word' id='word_1_27' title='bbox 600 801 636 848; x_wconf 87' lang='lat' dir='ltr'>es</span> <span class='ocrx_word' id='word_1_28' title='bbox 658 782 868 849; x_wconf 87' lang='lat' dir='ltr'>necessarius.</span> <span class='ocrx_word' id='word_1_29' title='bbox 891 802 949 850; x_wconf 90' lang='lat' dir='ltr'>nos</span> <span class='ocrx_word' id='word_1_30' title='bbox 974 784 1057 849; x_wconf 88' lang='lat' dir='ltr'>euim</span> <span class='ocrx_word' id='word_1_31' title='bbox 1080 787 1113 849; x_wconf 89' lang='lat' dir='ltr'>te</span> <span class='ocrx_word' id='word_1_32' title='bbox 1136 784 1290 868; x_wconf 86' lang='lat' dir='ltr'>spiritalia</span> <span class='ocrx_word' id='word_1_33' title='bbox 1313 786 1433 850; x_wconf 83' lang='lat' dir='ltr'>amoris</span> 
     </span>
     <span class='ocr_line' id='line_1_5' title="bbox 284 887 1433 975; baseline 0.003 -23"><span class='ocrx_word' id='word_1_34' title='bbox 284 887 413 953; x_wconf 90' lang='lat' dir='ltr'>uinculo</span> <span class='ocrx_word' id='word_1_35' title='bbox 441 891 598 966; x_wconf 63' lang='lat' dir='ltr'>muamus,</span> <span class='ocrx_word' id='word_1_36' title='bbox 627 889 701 972; x_wconf 85' lang='lat' dir='ltr'>quin</span> <span class='ocrx_word' id='word_1_37' title='bbox 723 893 757 955; x_wconf 90' lang='lat' dir='ltr'>et</span> <span class='ocrx_word' id='word_1_38' title='bbox 778 893 886 955; x_wconf 85' lang='lat' dir='ltr'>nostro</span> <span class='ocrx_word' id='word_1_39' title='bbox 910 890 1046 975; x_wconf 84' lang='lat' dir='ltr'>collegio</span> <span class='ocrx_word' id='word_1_40' title='bbox 1069 889 1208 956; x_wconf 90' lang='lat' dir='ltr'>multum</span> <span class='ocrx_word' id='word_1_41' title='bbox 1230 909 1265 957; x_wconf 87' lang='lat' dir='ltr'>es</span> <span class='ocrx_word' id='word_1_42' title='bbox 1287 909 1433 956; x_wconf 87' lang='lat' dir='ltr'>necessa·</span> 
     </span>
     <span class='ocr_line' id='line_1_6' title="bbox 284 993 1482 1080; baseline 0 -22"><span class='ocrx_word' id='word_1_43' title='bbox 284 993 362 1059; x_wconf 85' lang='lat' dir='ltr'>rius.</span> <span class='ocrx_word' id='word_1_44' title='bbox 396 999 586 1080; x_wconf 85' lang='lat' dir='ltr'>curantem</span> <span class='ocrx_word' id='word_1_45' title='bbox 614 995 709 1061; x_wconf 86' lang='lat' dir='ltr'>ctiam</span> <span class='ocrx_word' id='word_1_46' title='bbox 738 998 931 1079; x_wconf 77' lang='lat' dir='ltr'>corporalem</span> <span class='ocrx_word' id='word_1_47' title='bbox 958 996 1169 1080; x_wconf 88' lang='lat' dir='ltr'>praesentiam</span> <span class='ocrx_word' id='word_1_48' title='bbox 1198 1017 1260 1064; x_wconf 91' lang='lat' dir='ltr'>nou</span> <span class='ocrx_word' id='word_1_49' title='bbox 1283 996 1433 1063; x_wconf 77' lang='lat' dir='ltr'>exbibue</span> <span class='ocrx_word' id='word_1_50' title='bbox 1465 1018 1482 1058; x_wconf 81' lang='lat' dir='ltr'>s</span> 
     </span>
     <span class='ocr_line' id='line_1_7' title="bbox 279 1087 844 1185; baseline 0 -20"><span class='ocrx_word' id='word_1_51' title='bbox 279 1100 396 1178; x_wconf 82' lang='lat' dir='ltr'>rimus,</span> <span class='ocrx_word' id='word_1_52' title='bbox 419 1103 532 1185; x_wconf 84' lang='lat' dir='ltr'>postea</span> <span class='ocrx_word' id='word_1_53' title='bbox 555 1101 658 1167; x_wconf 89' lang='lat' dir='ltr'>scies..</span> <span class='ocrx_word' id='word_1_54' title='bbox 841 1087 844 1091; x_wconf 34' lang='lat'><strong>¹</strong></span> 
     </span>
    </p>
   </div>
   <div class='ocr_carea' id='block_1_3' title="bbox 701 1369 1014 1463">
    <p class='ocr_par' dir='ltr' id='par_1_3' title="bbox 701 1369 1014 1463">
     <span class='ocr_line' id='line_1_8' title="bbox 701 1369 1014 1463; baseline -0.003 0"><span class='ocrx_word' id='word_1_55' title='bbox 701 1369 1014 1463; x_wconf 74' lang='lat' dir='ltr'>&#39;cxx.·</span> 
     </span>
    </p>
   </div>
   <div class='ocr_carea' id='block_1_4' title="bbox 199 1533 1433 1685">
    <p class='ocr_par' dir='ltr' id='par_1_4' title="bbox 199 1533 1433 1685">
     <span class='ocr_line' id='line_1_9' title="bbox 199 1533 1433 1595; baseline 0.002 -7"><span class='ocrx_word' id='word_1_56' title='bbox 199 1571 205 1578; x_wconf 89' lang='lat'><em>-</em></span> <span class='ocrx_word' id='word_1_57' title='bbox 286 1533 433 1592; x_wconf 77' lang='lat' dir='ltr'>DOMINO</span> <span class='ocrx_word' id='word_1_58' title='bbox 448 1535 709 1593; x_wconf 69' lang='lat' dir='ltr'>&#39;bmncrlssfflo</span> <span class='ocrx_word' id='word_1_59' title='bbox 723 1537 769 1592; x_wconf 82' lang='grc' dir='ltr'>ΕΤ</span> <span class='ocrx_word' id='word_1_60' title='bbox 782 1536 1013 1593; x_wconf 75' lang='lat' dir='ltr'><strong><em>HONORIBILI</em></strong></span> <span class='ocrx_word' id='word_1_61' title='bbox 1029 1537 1164 1594; x_wconf 79' lang='lat' dir='ltr'>FRATRI</span> <span class='ocrx_word' id='word_1_62' title='bbox 1180 1536 1433 1595; x_wconf 72' lang='lat' dir='ltr'>beccumom</span> 
     </span>
     <span class='ocr_line' id='line_1_10' title="bbox 609 1626 1097 1685; baseline -0.004 -1"><span class='ocrx_word' id='word_1_63' title='bbox 609 1626 775 1684; x_wconf 68' lang='lat' dir='ltr'>,mucius</span> <span class='ocrx_word' id='word_1_64' title='bbox 794 1626 840 1685; x_wconf 74' lang='grc' dir='ltr'>ΕΤ</span> <span class='ocrx_word' id='word_1_65' title='bbox 858 1626 1097 1684; x_wconf 75' lang='lat' dir='ltr'><strong><em>AUGUSTINUS.</em></strong></span> 
     </span>
    </p>
   </div>
   <div class='ocr_carea' id='block_1_5' title="bbox 245 1750 1482 3324">
    <p class='ocr_par' dir='ltr' id='par_1_5' title="bbox 245 1750 1482 3324">
     <span class='ocr_line' id='line_1_11' title="bbox 245 1750 1482 1837; baseline 0.007 -24"><span class='ocrx_word' id='word_1_66' title='bbox 245 1752 264 1830; x_wconf 48' lang='lat' dir='ltr'>l⁴</span> <span class='ocrx_word' id='word_1_67' title='bbox 333 1750 411 1817; x_wconf 79' lang='lat' dir='ltr'>eum</span> <span class='ocrx_word' id='word_1_68' title='bbox 444 1753 626 1819; x_wconf 87' lang='lat' dir='ltr'>rettulisses</span> <span class='ocrx_word' id='word_1_69' title='bbox 658 1753 761 1831; x_wconf 90' lang='lat' dir='ltr'>nobis,</span> <span class='ocrx_word' id='word_1_70' title='bbox 790 1753 869 1836; x_wconf 84' lang='lat' dir='ltr'>quid</span> <span class='ocrx_word' id='word_1_71' title='bbox 895 1754 934 1818; x_wconf 85' lang='lat' dir='ltr'>ab</span> <span class='ocrx_word' id='word_1_72' title='bbox 962 1753 1112 1837; x_wconf 89' lang='lat' dir='ltr'>episcopo</span> <span class='ocrx_word' id='word_1_73' title='bbox 1139 1755 1247 1819; x_wconf 83' lang='lat' dir='ltr'>uestm</span> <span class='ocrx_word' id='word_1_74' title='bbox 1271 1750 1431 1818; x_wconf 77' lang='lat' dir='ltr'><strong>clarentio</strong></span> <span class='ocrx_word' id='word_1_75' title='bbox 1451 1782 1482 1822; x_wconf 83' lang='grc' dir='ltr'>ιο</span> 
     </span>
     <span class='ocr_line' id='line_1_12' title="bbox 285 1858 1431 1940; baseline 0.009 -20"><span class='ocrx_word' id='word_1_76' title='bbox 285 1875 473 1940; x_wconf 84' lang='lat' dir='ltr'>responsum</span> <span class='ocrx_word' id='word_1_77' title='bbox 505 1859 612 1939; x_wconf 76' lang='lat' dir='ltr'>fuemt,</span> <span class='ocrx_word' id='word_1_78' title='bbox 644 1859 676 1924; x_wconf 91' lang='lat' dir='ltr'>id</span> <span class='ocrx_word' id='word_1_79' title='bbox 708 1861 759 1924; x_wconf 89' lang='lat' dir='ltr'>est</span> <span class='ocrx_word' id='word_1_80' title='bbox 791 1858 829 1925; x_wconf 91' lang='lat' dir='ltr'>de</span> <span class='ocrx_word' id='word_1_81' title='bbox 855 1859 1017 1925; x_wconf 79' lang='lat' dir='ltr'>Feliciano</span> <span class='ocrx_word' id='word_1_82' title='bbox 1044 1859 1231 1938; x_wconf 87' lang='lat' dir='ltr'>Mustitauo,</span> <span class='ocrx_word' id='word_1_83' title='bbox 1263 1876 1325 1925; x_wconf 92' lang='lat' dir='ltr'>non</span> <span class='ocrx_word' id='word_1_84' title='bbox 1359 1875 1431 1930; x_wconf 81' lang='lat' dir='ltr'>eum</span> 
     </span>
     <span class='ocr_line' id='line_1_13' title="bbox 287 1965 1431 2050; baseline 0.001 -23"><span class='ocrx_word' id='word_1_85' title='bbox 287 1982 422 2047; x_wconf 81' lang='lat' dir='ltr'>negasse</span> <span class='ocrx_word' id='word_1_86' title='bbox 458 1968 492 2031; x_wconf 83' lang='lat' dir='ltr'>et</span> <span class='ocrx_word' id='word_1_87' title='bbox 527 1966 711 2033; x_wconf 82' lang='lat' dir='ltr'>damnatum</span> <span class='ocrx_word' id='word_1_88' title='bbox 748 1966 787 2032; x_wconf 91' lang='lat' dir='ltr'>ab</span> <span class='ocrx_word' id='word_1_89' title='bbox 823 1966 904 2049; x_wconf 91' lang='lat' dir='ltr'>ipsis</span> <span class='ocrx_word' id='word_1_90' title='bbox 941 1969 974 2032; x_wconf 89' lang='lat' dir='ltr'>st</span> <span class='ocrx_word' id='word_1_91' title='bbox 1009 1965 1134 2050; x_wconf 79' lang='lat' dir='ltr'>postea&#39;</span> <span class='ocrx_word' id='word_1_92' title='bbox 1155 1967 1187 2030; x_wconf 90' lang='lat' dir='ltr'>iu</span> <span class='ocrx_word' id='word_1_93' title='bbox 1224 1966 1341 2031; x_wconf 90' lang='lat' dir='ltr'>bonore</span> <span class='ocrx_word' id='word_1_94' title='bbox 1372 1982 1431 2029; x_wconf 88' lang='lat' dir='ltr'>suc</span> 
     </span>
     <span class='ocr_line' id='line_1_14' title="bbox 287 2067 1435 2156; baseline 0 -22"><span class='ocrx_word' id='word_1_95' title='bbox 287 2067 450 2154; x_wconf 83' lang='lat' dir='ltr'>receptum</span> <span class='ocrx_word' id='word_1_96' title='bbox 474 2072 531 2137; x_wconf 90' lang='lat' dir='ltr'>sed</span> <span class='ocrx_word' id='word_1_97' title='bbox 552 2070 750 2138; x_wconf 74' lang='lat' dir='ltr'>innocentem</span> <span class='ocrx_word' id='word_1_98' title='bbox 774 2072 875 2137; x_wconf 83' lang='lat' dir='ltr'>fuisse</span> <span class='ocrx_word' id='word_1_99' title='bbox 899 2073 1094 2139; x_wconf 86' lang='lat' dir='ltr'>damnatum.</span> <span class='ocrx_word' id='word_1_100' title='bbox 1114 2072 1189 2155; x_wconf 90' lang='lat' dir='ltr'>quia</span> <span class='ocrx_word' id='word_1_101' title='bbox 1205 2073 1320 2137; x_wconf 87' lang='lat' dir='ltr'>absens</span> <span class='ocrx_word' id='word_1_102' title='bbox 1338 2069 1435 2156; x_wconf 83' lang='lat' dir='ltr'>inerit</span> 
     </span>
     <span class='ocr_line' id='line_1_15' title="bbox 288 2176 1432 2261; baseline -0.001 -19"><span class='ocrx_word' id='word_1_103' title='bbox 288 2180 320 2242; x_wconf 91' lang='lat' dir='ltr'>et</span> <span class='ocrx_word' id='word_1_104' title='bbox 353 2177 515 2243; x_wconf 79' lang='lat' dir='ltr'>absentem</span> <span class='ocrx_word' id='word_1_105' title='bbox 548 2197 584 2244; x_wconf 91' lang='lat' dir='ltr'>se</span> <span class='ocrx_word' id='word_1_106' title='bbox 615 2178 940 2261; x_wconf 80' lang='lat' dir='ltr'>fuisseprobaucrit,</span> <span class='ocrx_word' id='word_1_107' title='bbox 973 2179 1034 2244; x_wconf 92' lang='lat' dir='ltr'>hoc</span> <span class='ocrx_word' id='word_1_108' title='bbox 1066 2179 1213 2255; x_wconf 79' lang='lat' dir='ltr'>dicimus,</span> <span class='ocrx_word' id='word_1_109' title='bbox 1240 2183 1280 2244; x_wconf 91' lang='lat' dir='ltr'>ut</span> <span class='ocrx_word' id='word_1_110' title='bbox 1305 2177 1345 2242; x_wconf 88' lang='lat' dir='ltr'>ad</span> <span class='ocrx_word' id='word_1_111' title='bbox 1371 2176 1432 2242; x_wconf 92' lang='lat' dir='ltr'>hoc</span> 
     </span>
     <span class='ocr_line' id='line_1_16' title="bbox 287 2283 1480 2368; baseline 0.002 -20"><span class='ocrx_word' id='word_1_112' title='bbox 287 2283 486 2366; x_wconf 86' lang='lat' dir='ltr'>respoudeat,</span> <span class='ocrx_word' id='word_1_113' title='bbox 517 2285 592 2367; x_wconf 84' lang='lat' dir='ltr'>quia</span> <span class='ocrx_word' id='word_1_114' title='bbox 623 2302 682 2349; x_wconf 91' lang='lat' dir='ltr'>nou</span> <span class='ocrx_word' id='word_1_115' title='bbox 714 2284 808 2349; x_wconf 82' lang='lat' dir='ltr'>licuit</span> <span class='ocrx_word' id='word_1_116' title='bbox 839 2284 980 2350; x_wconf 87' lang='lat' dir='ltr'>damnari</span> <span class='ocrx_word' id='word_1_117' title='bbox 1006 2285 1195 2361; x_wconf 88' lang='lat' dir='ltr'>inauditum,</span> <span class='ocrx_word' id='word_1_118' title='bbox 1224 2302 1319 2368; x_wconf 88' lang='lat' dir='ltr'>quem</span> <span class='ocrx_word' id='word_1_119' title='bbox 1346 2283 1432 2360; x_wconf 88' lang='lat' dir='ltr'>inuo-</span> <span class='ocrx_word' id='word_1_120' title='bbox 1451 2311 1480 2352; x_wconf 81' lang='lat' dir='ltr'>rs</span> 
     </span>
     <span class='ocr_line' id='line_1_17' title="bbox 289 2390 1434 2475; baseline -0.001 -21"><span class='ocrx_word' id='word_1_121' title='bbox 289 2393 411 2455; x_wconf 88' lang='lat' dir='ltr'>centem</span> <span class='ocrx_word' id='word_1_122' title='bbox 435 2390 535 2456; x_wconf 78' lang='lat' dir='ltr'>tuisse</span> <span class='ocrx_word' id='word_1_123' title='bbox 560 2391 625 2475; x_wconf 86' lang='lat' dir='ltr'>ipsi</span> <span class='ocrx_word' id='word_1_124' title='bbox 641 2391 746 2457; x_wconf 85' lang='lat' dir='ltr'>modo</span> <span class='ocrx_word' id='word_1_125' title='bbox 774 2391 895 2469; x_wconf 90' lang='lat' dir='ltr'>dicunt,</span> <span class='ocrx_word' id='word_1_126' title='bbox 923 2391 978 2474; x_wconf 86' lang='lat' dir='ltr'>qui</span> <span class='ocrx_word' id='word_1_127' title='bbox 1005 2411 1077 2456; x_wconf 87' lang='lat' dir='ltr'>eum</span> <span class='ocrx_word' id='word_1_128' title='bbox 1107 2391 1346 2457; x_wconf 86' lang='lat' dir='ltr'>damnauerunt.</span> <span class='ocrx_word' id='word_1_129' title='bbox 1377 2392 1434 2453; x_wconf 87' lang='lat' dir='ltr'>aut</span> 
     </span>
     <span class='ocr_line' id='line_1_18' title="bbox 290 2493 1432 2579; baseline -0.001 -20"><span class='ocrx_word' id='word_1_130' title='bbox 290 2515 377 2579; x_wconf 64' lang='lat' dir='ltr'>ergo,</span> <span class='ocrx_word' id='word_1_131' title='bbox 399 2498 548 2563; x_wconf 78' lang='lat' dir='ltr'>innocens</span> <span class='ocrx_word' id='word_1_132' title='bbox 586 2499 726 2563; x_wconf 85' lang='lat' dir='ltr'>damnari</span> <span class='ocrx_word' id='word_1_133' title='bbox 764 2517 826 2562; x_wconf 89' lang='lat' dir='ltr'>non</span> <span class='ocrx_word' id='word_1_134' title='bbox 864 2498 975 2563; x_wconf 79' lang='lat' dir='ltr'>debuit</span> <span class='ocrx_word' id='word_1_135' title='bbox 1006 2500 1063 2562; x_wconf 91' lang='lat' dir='ltr'>aut</span> <span class='ocrx_word' id='word_1_136' title='bbox 1092 2516 1209 2562; x_wconf 88' lang='lat' dir='ltr'>nocens</span> <span class='ocrx_word' id='word_1_137' title='bbox 1243 2493 1340 2578; x_wconf 86' lang='lat' dir='ltr'>recipi</span> <span class='ocrx_word' id='word_1_138' title='bbox 1370 2511 1432 2560; x_wconf 89' lang='lat' dir='ltr'>uon</span> 
     </span>
     <span class='ocr_line' id='line_1_19' title="bbox 290 2599 1430 2686; baseline -0.001 -21"><span class='ocrx_word' id='word_1_139' title='bbox 290 2601 410 2667; x_wconf 87' lang='lat' dir='ltr'>debuit.</span> <span class='ocrx_word' id='word_1_140' title='bbox 444 2604 471 2667; x_wconf 88' lang='lat' dir='ltr'>si</span> <span class='ocrx_word' id='word_1_141' title='bbox 497 2603 648 2671; x_wconf 88' lang='lat' dir='ltr'>innocens</span> <span class='ocrx_word' id='word_1_142' title='bbox 674 2606 823 2686; x_wconf 87' lang='lat' dir='ltr'>receptus</span> <span class='ocrx_word' id='word_1_143' title='bbox 851 2607 911 2677; x_wconf 91' lang='lat' dir='ltr'>est,</span> <span class='ocrx_word' id='word_1_144' title='bbox 939 2603 1089 2668; x_wconf 86' lang='lat' dir='ltr'>innocens</span> <span class='ocrx_word' id='word_1_145' title='bbox 1118 2603 1285 2668; x_wconf 89' lang='lat' dir='ltr'>damnatus</span> <span class='ocrx_word' id='word_1_146' title='bbox 1309 2604 1372 2676; x_wconf 89' lang='lat' dir='ltr'>est;</span> <span class='ocrx_word' id='word_1_147' title='bbox 1404 2599 1430 2664; x_wconf 89' lang='lat' dir='ltr'>si</span> 
     </span>
     <span class='ocr_line' id='line_1_20' title="bbox 289 2704 1433 2794; baseline -0.002 -21"><span class='ocrx_word' id='word_1_148' title='bbox 289 2727 405 2774; x_wconf 90' lang='lat' dir='ltr'>nocens</span> <span class='ocrx_word' id='word_1_149' title='bbox 434 2710 602 2776; x_wconf 88' lang='lat' dir='ltr'>damnatus</span> <span class='ocrx_word' id='word_1_150' title='bbox 626 2714 685 2789; x_wconf 87' lang='lat' dir='ltr'>est,</span> <span class='ocrx_word' id='word_1_151' title='bbox 709 2729 826 2776; x_wconf 88' lang='lat' dir='ltr'>nocens</span> <span class='ocrx_word' id='word_1_152' title='bbox 850 2714 997 2794; x_wconf 86' lang='lat' dir='ltr'>receptus</span> <span class='ocrx_word' id='word_1_153' title='bbox 1020 2712 1083 2774; x_wconf 51' lang='lat' dir='ltr'>est.»</span> <span class='ocrx_word' id='word_1_154' title='bbox 1111 2709 1145 2774; x_wconf 55' lang='lat' dir='ltr'>si*</span> <span class='ocrx_word' id='word_1_155' title='bbox 1162 2708 1354 2783; x_wconf 89' lang='lat' dir='ltr'>nesciebant,</span> <span class='ocrx_word' id='word_1_156' title='bbox 1378 2704 1433 2788; x_wconf 76' lang='lat' dir='ltr'>oui</span> 
     </span>
     <span class='ocr_line' id='line_1_21' title="bbox 289 2813 1480 2899; baseline 0.003 -21"><span class='ocrx_word' id='word_1_157' title='bbox 289 2815 382 2890; x_wconf 82' lang='lat' dir='ltr'>illum</span> <span class='ocrx_word' id='word_1_158' title='bbox 418 2814 657 2893; x_wconf 77' lang='lat' dir='ltr'>damnauerunt,</span> <span class='ocrx_word' id='word_1_159' title='bbox 694 2819 803 2882; x_wconf 85' lang='lat' dir='ltr'>utrum</span> <span class='ocrx_word' id='word_1_160' title='bbox 840 2817 989 2881; x_wconf 86' lang='lat' dir='ltr'>innocens</span> <span class='ocrx_word' id='word_1_161' title='bbox 1025 2815 1132 2892; x_wconf 83' lang='lat' dir='ltr'>fuerit,</span> <span class='ocrx_word' id='word_1_162' title='bbox 1169 2813 1322 2899; x_wconf 86' lang='lat' dir='ltr'>arguendi</span> <span class='ocrx_word' id='word_1_163' title='bbox 1358 2814 1433 2878; x_wconf 86' lang='lat' dir='ltr'>suut</span> <span class='ocrx_word' id='word_1_164' title='bbox 1449 2842 1480 2882; x_wconf 74' lang='lat' dir='ltr'>rc</span> 
     </span>
     <span class='ocr_line' id='line_1_22' title="bbox 290 2917 1433 3006; baseline -0.003 -21"><span class='ocrx_word' id='word_1_165' title='bbox 290 2921 489 3002; x_wconf 84' lang='lat' dir='ltr'>teineritatis,</span> <span class='ocrx_word' id='word_1_166' title='bbox 522 2922 596 3006; x_wconf 85' lang='lat' dir='ltr'>quia</span> <span class='ocrx_word' id='word_1_167' title='bbox 627 2922 805 2987; x_wconf 88' lang='lat' dir='ltr'>inauditum</span> <span class='ocrx_word' id='word_1_168' title='bbox 835 2919 1045 2998; x_wconf 86' lang='lat' dir='ltr'>innocentem,</span> <span class='ocrx_word' id='word_1_169' title='bbox 1077 2921 1116 2985; x_wconf 90' lang='lat' dir='ltr'>de</span> <span class='ocrx_word' id='word_1_170' title='bbox 1148 2940 1211 3005; x_wconf 89' lang='lat' dir='ltr'>quo</span> <span class='ocrx_word' id='word_1_171' title='bbox 1241 2917 1433 2995; x_wconf 80' lang='lat' dir='ltr'>nesciebant,</span> 
     </span>
     <span class='ocr_line' id='line_1_23' title="bbox 291 3019 1431 3112; baseline -0.003 -21"><span class='ocrx_word' id='word_1_172' title='bbox 291 3028 438 3092; x_wconf 83' lang='lat' dir='ltr'>damnare</span> <span class='ocrx_word' id='word_1_173' title='bbox 466 3029 536 3094; x_wconf 84' lang='lat' dir='ltr'>cusi</span> <span class='ocrx_word' id='word_1_174' title='bbox 564 3033 649 3106; x_wconf 89' lang='lat' dir='ltr'>sunt,</span> <span class='ocrx_word' id='word_1_175' title='bbox 677 3033 709 3093; x_wconf 91' lang='lat' dir='ltr'>et</span> <span class='ocrx_word' id='word_1_176' title='bbox 732 3029 771 3094; x_wconf 90' lang='lat' dir='ltr'>dc</span> <span class='ocrx_word' id='word_1_177' title='bbox 794 3029 953 3112; x_wconf 79' lang='lat' dir='ltr'>praesenti</span> <span class='ocrx_word' id='word_1_178' title='bbox 976 3029 1060 3093; x_wconf 83' lang='lat' dir='ltr'>iacto</span> <span class='ocrx_word' id='word_1_179' title='bbox 1081 3019 1301 3112; x_wconf 84' lang='lat' dir='ltr'>intellegimus</span> <span class='ocrx_word' id='word_1_180' title='bbox 1324 3025 1431 3090; x_wconf 87' lang='lat' dir='ltr'>eadem</span> 
     </span>
     <span class='ocr_line' id='line_1_24' title="bbox 291 3115 1433 3217; baseline -0.002 -21"><span class='ocrx_word' id='word_1_181' title='bbox 291 3134 468 3200; x_wconf 84' lang='lat' dir='ltr'>temeritate</span> <span class='ocrx_word' id='word_1_182' title='bbox 498 3134 573 3201; x_wconf 86' lang='lat' dir='ltr'>ilios</span> <span class='ocrx_word' id='word_1_183' title='bbox 605 3135 772 3200; x_wconf 85' lang='lat' dir='ltr'>damnasse</span> <span class='ocrx_word' id='word_1_184' title='bbox 805 3134 901 3199; x_wconf 87' lang='lat' dir='ltr'>etiam</span> <span class='ocrx_word' id='word_1_185' title='bbox 930 3115 1121 3215; x_wconf 67' lang='lat' dir='ltr'>superiores,</span> <span class='ocrx_word' id='word_1_186' title='bbox 1149 3153 1229 3217; x_wconf 90' lang='lat' dir='ltr'>quos</span> <span class='ocrx_word' id='word_1_187' title='bbox 1255 3130 1433 3198; x_wconf 76' lang='lat' dir='ltr'>traditionis</span> 
     </span>
     <span class='ocr_line' id='line_1_25' title="bbox 291 3238 1434 3324; baseline -0.002 -21"><span class='ocrx_word' id='word_1_188' title='bbox 291 3240 421 3305; x_wconf 84' lang='lat' dir='ltr'>crirrrioe</span> <span class='ocrx_word' id='word_1_189' title='bbox 445 3241 688 3308; x_wconf 81' lang='lat' dir='ltr'>infamauerunt.</span> <span class='ocrx_word' id='word_1_190' title='bbox 711 3241 741 3306; x_wconf 94' lang='lat' dir='ltr'>si</span> <span class='ocrx_word' id='word_1_191' title='bbox 765 3240 849 3306; x_wconf 91' lang='lat' dir='ltr'>enim</span> <span class='ocrx_word' id='word_1_192' title='bbox 873 3240 980 3324; x_wconf 87' lang='lat' dir='ltr'>potuit</span> <span class='ocrx_word' id='word_1_193' title='bbox 1011 3240 1050 3304; x_wconf 86' lang='lat' dir='ltr'>sb</span> <span class='ocrx_word' id='word_1_194' title='bbox 1072 3238 1153 3322; x_wconf 90' lang='lat' dir='ltr'>ipsis</span> <span class='ocrx_word' id='word_1_195' title='bbox 1176 3240 1325 3306; x_wconf 89' lang='lat' dir='ltr'>innocens</span> <span class='ocrx_word' id='word_1_196' title='bbox 1349 3238 1434 3302; x_wconf 89' lang='lat' dir='ltr'>dam·</span> 
     </span>
    </p>
   </div>
   <div class='ocr_carea' id='block_1_6' title="bbox 291 3331 1598 3430">
    <p class='ocr_par' dir='ltr' id='par_1_6' title="bbox 291 3331 1598 3430">
     <span class='ocr_line' id='line_1_26' title="bbox 291 3331 1598 3430; baseline -0.006 -14"><span class='ocrx_word' id='word_1_197' title='bbox 291 3344 368 3420; x_wconf 76' lang='lat' dir='ltr'>bam,</span> <span class='ocrx_word' id='word_1_198' title='bbox 395 3349 567 3429; x_wconf 87' lang='lat' dir='ltr'>potueruut</span> <span class='ocrx_word' id='word_1_199' title='bbox 598 3347 637 3413; x_wconf 86' lang='lat' dir='ltr'>ab</span> <span class='ocrx_word' id='word_1_200' title='bbox 667 3347 748 3430; x_wconf 88' lang='lat' dir='ltr'>ipsis</span> <span class='ocrx_word' id='word_1_201' title='bbox 780 3331 948 3413; x_wconf 81' lang='lat' dir='ltr'>traditores</span> <span class='ocrx_word' id='word_1_202' title='bbox 971 3346 1068 3410; x_wconf 89' lang='lat' dir='ltr'>ctiam</span> <span class='ocrx_word' id='word_1_203' title='bbox 1091 3346 1164 3423; x_wconf 91' lang='lat' dir='ltr'>dici,</span> <span class='ocrx_word' id='word_1_204' title='bbox 1184 3347 1238 3429; x_wconf 85' lang='lat' dir='ltr'>qui</span> <span class='ocrx_word' id='word_1_205' title='bbox 1260 3364 1322 3412; x_wconf 91' lang='lat' dir='ltr'>uon</span> <span class='ocrx_word' id='word_1_206' title='bbox 1346 3346 1435 3410; x_wconf 87' lang='lat' dir='ltr'>eraut</span> <span class='ocrx_word' id='word_1_207' title='bbox 1451 3374 1479 3414; x_wconf 75' lang='lat' dir='ltr'>rs</span> <span class='ocrx_word' id='word_1_208' title='bbox 1591 3393 1598 3408; x_wconf 77' lang='grc'><em>.</em></span> 
     </span>
    </p>
   </div>
   <div class='ocr_carea' id='block_1_7' title="bbox 290 3450 468 3518">
    <p class='ocr_par' dir='ltr' id='par_1_7' title="bbox 290 3450 468 3518">
     <span class='ocr_line' id='line_1_27' title="bbox 290 3450 468 3518; baseline 0.006 -2"><span class='ocrx_word' id='word_1_209' title='bbox 290 3450 468 3518; x_wconf 85' lang='lat' dir='ltr'>traditores.</span> 
     </span>
    </p>
   </div>
   <div class='ocr_carea' id='block_1_8' title="bbox 506 3723 1210 3959">
    <p class='ocr_par' dir='ltr' id='par_1_8' title="bbox 506 3723 1210 3959">
     <span class='ocr_line' id='line_1_28' title="bbox 509 3723 1042 3782; baseline -0.009 -1"><span class='ocrx_word' id='word_1_210' title='bbox 509 3728 535 3781; x_wconf 80' lang='grc' dir='ltr'><em>Τ</em></span> <span class='ocrx_word' id='word_1_211' title='bbox 559 3723 1042 3782; x_wconf 59' lang='lat' dir='ltr'>:commemorassemus</span> 
     </span>
     <span class='ocr_line' id='line_1_29' title="bbox 506 3811 1210 3869; baseline -0.009 1"><span class='ocrx_word' id='word_1_212' title='bbox 506 3816 535 3869; x_wconf 86' lang='lat' dir='ltr'><em>H</em></span> <span class='ocrx_word' id='word_1_213' title='bbox 559 3840 592 3862; x_wconf 88' lang='lat'><strong><em>=</em></strong></span> <span class='ocrx_word' id='word_1_214' title='bbox 612 3815 670 3869; x_wconf 86' lang='lat' dir='ltr'>cod.</span> <span class='ocrx_word' id='word_1_215' title='bbox 689 3814 765 3868; x_wconf 83' lang='lat' dir='ltr'>Mus.</span> <span class='ocrx_word' id='word_1_216' title='bbox 785 3814 858 3869; x_wconf 68' lang='lat' dir='ltr'>Beer.</span> <span class='ocrx_word' id='word_1_217' title='bbox 878 3813 963 3867; x_wconf 79' lang='lat' dir='ltr'>Harl.</span> <span class='ocrx_word' id='word_1_218' title='bbox 983 3816 1061 3865; x_wconf 79' lang='lat'><em>3107</em></span> <span class='ocrx_word' id='word_1_219' title='bbox 1078 3828 1099 3865; x_wconf 86' lang='lat' dir='ltr'>s.</span> <span class='ocrx_word' id='word_1_220' title='bbox 1118 3811 1210 3865; x_wconf 81' lang='lat' dir='ltr'><strong><em>XIII.</em></strong></span> 
     </span>
     <span class='ocr_line' id='line_1_30' title="bbox 506 3900 1132 3959; baseline -0.008 0"><span class='ocrx_word' id='word_1_221' title='bbox 506 3905 534 3959; x_wconf 77' lang='lat' dir='ltr'>Ii</span> <span class='ocrx_word' id='word_1_222' title='bbox 559 3930 592 3950; x_wconf 87' lang='lat'>=</span> <span class='ocrx_word' id='word_1_223' title='bbox 613 3905 671 3958; x_wconf 85' lang='lat' dir='ltr'>cod.</span> <span class='ocrx_word' id='word_1_224' title='bbox 695 3903 850 3957; x_wconf 81' lang='lat' dir='ltr'>Vaticanus</span> <span class='ocrx_word' id='word_1_225' title='bbox 872 3905 929 3954; x_wconf 67' lang='lat'>494</span> <span class='ocrx_word' id='word_1_226' title='bbox 947 3919 968 3955; x_wconf 84' lang='lat' dir='ltr'>e.</span> <span class='ocrx_word' id='word_1_227' title='bbox 989 3900 1075 3953; x_wconf 82' lang='lat' dir='ltr'><strong><em>XIII</em></strong></span> <span class='ocrx_word' id='word_1_228' title='bbox 1091 3916 1132 3954; x_wconf 77' lang='lat' dir='ltr'>ex.</span> 
     </span>
    </p>
   </div>
   <div class='ocr_carea' id='block_1_9' title="bbox 293 4091 1436 4346">
    <p class='ocr_par' dir='ltr' id='par_1_9' title="bbox 293 4091 1436 4346">
     <span class='ocr_line' id='line_1_31' title="bbox 328 4091 1436 4163; baseline -0.007 -11"><span class='ocrx_word' id='word_1_229' title='bbox 328 4100 345 4157; x_wconf 84' lang='grc'>8</span> <span class='ocrx_word' id='word_1_230' title='bbox 363 4098 515 4156; x_wconf 79' lang='lat' dir='ltr'>naucelioni</span> <span class='ocrx_word' id='word_1_231' title='bbox 539 4096 594 4150; x_wconf 81' lang='grc' dir='ltr'>ΤΗ</span> <span class='ocrx_word' id='word_1_232' title='bbox 611 4096 671 4150; x_wconf 79' lang='lat' dir='ltr'>edd.</span> <span class='ocrx_word' id='word_1_233' title='bbox 746 4095 779 4148; x_wconf 86' lang='lat'>10</span> <span class='ocrx_word' id='word_1_234' title='bbox 798 4094 831 4147; x_wconf 89' lang='lat' dir='ltr'>ab</span> <span class='ocrx_word' id='word_1_235' title='bbox 852 4096 979 4163; x_wconf 80' lang='lat' dir='ltr'>episcopo</span> <span class='ocrx_word' id='word_1_236' title='bbox 1002 4097 1095 4146; x_wconf 88' lang='lat' dir='ltr'>nostro</span> <span class='ocrx_word' id='word_1_237' title='bbox 1114 4091 1192 4147; x_wconf 81' lang='lat' dir='ltr'>codri.</span> <span class='ocrx_word' id='word_1_238' title='bbox 1212 4109 1228 4145; x_wconf 86' lang='lat' dir='ltr'>a</span> <span class='ocrx_word' id='word_1_239' title='bbox 1247 4093 1324 4162; x_wconf 88' lang='lat' dir='ltr'>patre</span> <span class='ocrx_word' id='word_1_240' title='bbox 1341 4093 1436 4144; x_wconf 86' lang='lat' dir='ltr'>nostro</span> 
     </span>
     <span class='ocr_line' id='line_1_32' title="bbox 293 4179 1434 4255; baseline -0.006 -15"><span class='ocrx_word' id='word_1_241' title='bbox 293 4188 370 4255; x_wconf 80' lang='lat' dir='ltr'>edd.;</span> <span class='ocrx_word' id='word_1_242' title='bbox 388 4204 420 4241; x_wconf 78' lang='lat' dir='ltr'>cc</span> <span class='ocrx_word' id='word_1_243' title='bbox 438 4187 638 4240; x_wconf 74' lang='lat' dir='ltr'>Mauricorcm</span> <span class='ocrx_word' id='word_1_244' title='bbox 657 4179 815 4238; x_wconf 67' lang='lat' dir='ltr'>condoctore</span> <span class='ocrx_word' id='word_1_245' title='bbox 832 4184 932 4252; x_wconf 80' lang='lat' dir='ltr'>scripsi</span> <span class='ocrx_word' id='word_1_246' title='bbox 950 4182 983 4236; x_wconf 88' lang='lat' dir='ltr'>ab</span> <span class='ocrx_word' id='word_1_247' title='bbox 1003 4182 1128 4252; x_wconf 86' lang='lat' dir='ltr'>episcopo</span> <span class='ocrx_word' id='word_1_248' title='bbox 1147 4182 1238 4235; x_wconf 85' lang='lat' dir='ltr'>uestro</span> <span class='ocrx_word' id='word_1_249' title='bbox 1300 4180 1331 4234; x_wconf 87' lang='grc'>17</span> <span class='ocrx_word' id='word_1_250' title='bbox 1351 4179 1434 4249; x_wconf 88' lang='lat' dir='ltr'>recipi</span> 
     </span>
     <span class='ocr_line' id='line_1_33' title="bbox 293 4272 782 4346; baseline -0.008 -17"><span class='ocrx_word' id='word_1_251' title='bbox 293 4276 358 4346; x_wconf 78' lang='lat' dir='ltr'>eron]</span> <span class='ocrx_word' id='word_1_252' title='bbox 377 4276 459 4345; x_wconf 84' lang='lat' dir='ltr'>recipi</span> <span class='ocrx_word' id='word_1_253' title='bbox 479 4276 623 4332; x_wconf 80' lang='lat' dir='ltr'>damnatus</span> <span class='ocrx_word' id='word_1_254' title='bbox 640 4290 695 4327; x_wconf 85' lang='lat' dir='ltr'>con</span> <span class='ocrx_word' id='word_1_255' title='bbox 712 4272 746 4340; x_wconf 78' lang='lat' dir='ltr'>st</span> <span class='ocrx_word' id='word_1_256' title='bbox 756 4289 782 4325; x_wconf 87' lang='lat' dir='ltr'>m</span> 
     </span>
    </p>
   </div>
   <div class='ocr_carea' id='block_1_10' title="bbox 0 0 1676 4867">
    <p class='ocr_par' dir='ltr' id='par_1_10' title="bbox 0 0 1676 4867">
     <span class='ocr_line' id='line_1_34' title="bbox 0 0 1676 4867; baseline 0 0"><span class='ocrx_word' id='word_1_257' title='bbox 0 0 1676 4867; x_wconf 95' lang='lat' dir='ltr'> </span> 
     </span>
    </p>
   </div>
  </div>
 </body>
</html>
