3309 4867
319 333 408 438 706ἱ
673 371 700 426 S.
729 372 867 428 Aureli
895 374 1115 444 Augustini

317 565 439 631 ratione
452 566 575 648 percipi
591 569 750 650 oportere;
772 568 800 634 si
815 568 898 633 enim
913 568 1013 645 fides’,
1028 570 1146 654 inquis,
1162 573 1300 636 ‘sanctae
1314 571 1471 640 ecclesiae

317 691 354 737 er
373 671 599 754 disputationis
617 673 739 740 ratione
758 677 792 740 et
809 694 871 740 nou
890 694 926 740 er
942 675 1140 742 credulitatis
1159 676 1279 760 pietate
1298 677 1470 760 adprehen-

317 779 454 855 deretur,
475 797 567 844 nemo
586 783 710 861 praeter
731 781 941 865 philosophos
960 787 1057 868 atque
1075 786 1215 861 oratores
1239 782 1470 849 beatitudinem

315 881 505 970 possideret.
529 885 586 951 sed
609 886 686 971 quie
707 888 829 972 placuit
853 889 933 966 deo‘,
957 888 1075 973 inquis,
1098 890 1163 973 ‘qui
1185 889 1332 955 infirma
1355 889 1470 955 buius

317 991 445 1058 mnudi
459 991 641 1078 elegitur
654 993 908 1061 confunderet
921 996 1048 1070 fortia,
1063 1015 1127 1080 per
1140 993 1351 1061 stultitiam
1367 1013 1470 1079 prae·
1501 1020 1515 1058 s

318 1098 526 1181 dicationis
545 1100 676 1165 saluos
690 1099 1035 1182 iacerecredeutes,
1045 1122 1106 1168 uou
1116 1106 1183 1168 tam
1192 1102 1275 1169 ratio
1285 1101 1470 1185 requirenda

318 1224 413 1290 quam
431 1206 606 1272 auctoritas
624 1211 676 1272 est
692 1207 854 1291 sequenda
871 1209 1076 1274 sauctorum‘.
1095 1209 1169 1274 uide
1189 1228 1275 1294 ergo,
1293 1207 1469 1273 secuudum

316 1313 395 1377 baec
423 1312 522 1378 uerba
544 1318 601 1378 tna
623 1332 662 1378 ne
689 1313 799 1397 potius
822 1313 939 1379 debeas
966 1315 1104 1380 maxima
1126 1314 1164 1380 de
1192 1314 1253 1380 bac
1279 1334 1324 1393 re,
1350 1314 1383 1378 in
1407 1332 1470 1398 qua

315 1418 486 1502 praecipue
503 1417 583 1483 fides
606 1422 714 1486 nostra
732 1420 892 1499 consistit,
916 1419 1018 1486 solam
1042 1424 1224 1486 sanctornm
1246 1420 1476 1486 auctoritatem

317 1525 408 1610 sequi
436 1543 494 1590 nec
518 1524 588 1590 eius
615 1525 852 1611 intellegentiae
876 1544 894 1590 a
921 1545 973 1592 me
997 1544 1146 1611 quaerere
1172 1526 1339 1592 rationem.
1367 1544 1469 1608 neque
1488 1554 1513 1593 ro

316 1631 400 1697 enim
428 1625 501 1700 curu
535 1647 667 1714 coepero
700 1634 732 1696 te
764 1630 796 1696 in
829 1631 911 1696 tanti
942 1630 1040 1697 buius
1071 1631 1185 1697 secreti
1217 1631 1467 1716 intellegentiam

318 1740 493 1821 utcumque
510 1737 720 1816 introducere,
740 1737 837 1820 quod,
861 1737 922 1803 nisi
942 1738 1021 1803 deus
1044 1738 1130 1804 intus
1155 1737 1323 1816 adiuuerit,
1343 1736 1468 1802 omnino

316 1863 378 1910 nou
410 1847 535 1927 potero,
569 1843 657 1909 aliud
684 1843 869 1909 disserendo
902 1845 1046 1910 facturus
1079 1863 1152 1909 sum
1179 1863 1275 1927 quam
1303 1843 1468 1918 rationem,

317 1955 355 2015 ut
380 1956 501 2033 potero,
529 1950 722 2017 redditurus.
750 1969 847 2035 quam
875 1951 902 2015 si
931 1969 1024 2015 ame
1051 1951 1105 2015 uel
1132 1970 1151 2015 a
1174 1949 1468 2034 quolibetedoctore

316 2076 378 2122 nou
397 2056 661 2122 inrationabiliter
677 2056 816 2142 flagitas,
840 2062 886 2133 ut,
907 2042 992 2140 quod
1011 2056 1124 2135 credis,
1146 2057 1327 2142 intellegas,
1346 2055 1468 2139 corrige
1488 2084 1514 2122 rr

318 2162 532 2228 definitionem
551 2165 651 2240 tuem,
671 2182 733 2228 uon
752 2166 791 2228 ut
807 2162 902 2228 fidem
926 2181 1070 2246 respuas,
1094 2162 1151 2228 sed
1170 2167 1208 2228 ut
1226 2182 1273 2239 ea,
1293 2180 1373 2244 quae
1395 2159 1469 2225 fidei

317 2269 466 2334 firmitate
489 2269 553 2333 iam
576 2274 677 2348 tenes,
701 2269 799 2334 etiam
821 2269 955 2335 rationis
977 2270 1050 2335 luce
1072 2269 1262 2352 conspicias.

273 2369 293 2432 3
362 2375 457 2442 absit
484 2394 631 2458 namque,
664 2380 702 2441 ut
732 2375 794 2441 hoc
821 2377 854 2441 iu
886 2375 979 2442 nobis
1008 2375 1086 2443 deus
1115 2374 1228 2455 oderit,
1260 2377 1292 2440 in
1321 2393 1382 2458 qno
1410 2393 1468 2440 nos

317 2482 449 2567 reliquis
477 2481 692 2548 animantibus
720 2482 963 2552 excellentiores
984 2482 1114 2550 creauit.
1142 2480 1237 2560 absit,
1264 2483 1405 2566 iuquam,
1433 2484 1470 2544 nt-

316 2590 388 2655 ideo
412 2588 589 2667 credamus,
617 2607 656 2654 ne
678 2588 834 2655 rationem
857 2589 1052 2671 accipiamus
1081 2588 1151 2653 siue
1174 2606 1373 2671 quaeramus,
1396 2605 1469 2651 cum
1487 2614 1516 2654 ao

318 2697 414 2760 etiam
433 2693 559 2760 credere
577 2713 638 2761 non
656 2714 839 2778 possemus,
859 2695 921 2760 nisi
938 2695 1109 2760 rationales
1129 2695 1250 2760 animas
1269 2694 1468 2760 haberemus.
1550 2698 1554 2704 ’

317 2807 355 2864 ut
373 2819 448 2885 ergo
471 2800 503 2864 in
522 2800 713 2884 quibusdam
736 2800 833 2866 rebus
856 2800 896 2865 ad
920 2798 1095 2866 doctrinam
1119 2800 1290 2865 saiutarern
1312 2799 1469 2884 pertinen·
1621 2781 1625 2790 ’

317 2908 416 2982 tibus,
440 2924 519 2989 quas
546 2906 668 2971 ratione
694 2907 856 2990 percipere
884 2905 1023 2974 noudum
1048 2906 1192 2971 ualemus
1220 2906 1277 2972 sed
1300 2904 1468 2989 aliquando

317 3011 508 3089 nalebimns,
540 3010 619 3076 fides
651 3011 821 3095 praecedat
851 3011 1017 3089 rationem,
1049 3030 1113 3094 qus
1138 3027 1193 3077 cor
1219 3010 1399 3089 mundetur,
1430 3017 1470 3075 ut

318 3137 450 3204 magnae
465 3118 598 3183 rationis
612 3118 718 3201 capiat
732 3123 765 3182 et
786 3116 925 3200 perierat
946 3117 1063 3192 iucem,
1078 3121 1111 3183 et
1122 3113 1192 3182 boc,
1206 3117 1319 3201 utique
1336 3115 1470 3182 rationis
1488 3144 1516 3187 ra

319 3229 379 3291 est.
411 3228 444 3291 et
470 3223 541 3289 ideo
570 3224 799 3290 rationabiliter
826 3223 948 3290 dictum
978 3227 1029 3289 est
1059 3243 1116 3307 per
1146 3223 1349 3308 prophetam:
1377 3221 1469 3287 Nisi

319 3330 599 3408 credideritis,
622 3349 696 3395 non
720 3329 995 3414 intellegetis.
1020 3329 1076 3394 ubi
1098 3330 1209 3413 procul
1233 3329 1330 3396 dubio
1353 3327 1470 3394 discre-

318 3439 368 3504 uit
389 3438 467 3503 baec
490 3437 553 3502 duo
577 3437 726 3519 deditque
754 3436 935 3513 consilium,
960 3456 1021 3519 quo
1049 3436 1137 3517 prius
1160 3435 1337 3515 credamus,
1364 3439 1404 3501 nt
1424 3433 1468 3510 id,

319 3545 404 3629 quod
418 3543 587 3616 credimus,
605 3543 790 3629 intellegere
809 3542 985 3610 ualeamus.
1003 3540 1134 3624 proinde
1152 3544 1190 3607 ut
1206 3541 1286 3607 fides
1303 3539 1472 3625 praecedat

408 3772 425 3823 4
444 3768 458 3822 I
477 3767 538 3823 Cor.
560 3769 583 3832 l,
603 3769 650 3833 27;
670 3769 702 3823 al
760 3770 795 3822 26
814 3768 861 3822 Es.
881 3768 906 3830 7,
925 3768 942 3822 9
961 3784 1015 3823 sco.
1034 3768 1164 3839 Septnaq.

355 3909 568 3980 Bphilosophus
586 3910 614 3964 B
667 3910 793 3979 linquis
813 3908 864 3963 deo
886 3907 966 3963 OPT
982 3907 1043 3963 cdd.
1104 3909 1204 3979 iergo
1223 3909 1248 3962 si
1265 3906 1413 3963 secundum
1435 3907 1471 3962 T¹

321 4001 355 4054 lt
374 3998 566 4052 diffinitionem
585 3997 663 4052 codd.
709 3999 742 4052 19
762 3996 884 4068 ntideo]
903 4013 937 4050 ne
956 3997 1017 4051 ideo
1040 3996 1092 4053 ΟΡ
1108 3997 1168 4068 (bia,
1188 3998 1306 4052 suasos
1324 3995 1389 4064 oet.)
1406 3995 1473 4052 w

320 4087 381 4142 edd.
393 4099 546 4156 praetorne
605 4088 639 4140 20
658 4087 703 4156 ne]
724 4089 754 4140 ut
776 4085 893 4141 ΟΡΤΤι
912 4085 973 4140 edd.
987 4091 1141 4155 prosterne
1194 4087 1227 4141 21
1248 4084 1475 4141 rationsbiieeO

319 4157 355 4230 td
379 4173 499 4229 nondum
524 4175 661 4245 percipere
684 4173 708 4229 0
730 4174 791 4229 edd.
896 4175 930 4229 25
955 4174 1045 4229 iucem
1063 4174 1113 4230 hoc
1131 4175 1195 4246 (oss.
1215 4178 1255 4239 et)
1276 4173 1391 4231 ΟΡΤΤ1
1408 4173 1472 4230 edd.

320 4265 354 4318 21
368 4264 532 4333 intellegitis
541 4263 569 4317 B
605 4264 640 4318 29
654 4263 801 4318 debeamus
816 4263 894 4320 codd.
908 4263 1048 4318 uaiesrnus
1063 4262 1138 4331 aare
1152 4264 1188 4332 cf.
1197 4279 1226 4320 a.
1237 4265 1348 4333 idatp.
1361 4264 1431 4326 ⁷06,
1441 4266 1475 4318 11
