3309 4867
628 365 893 436 epistularum
920 367 1020 435 utili.
1335 378 1399 443 103

248 563 301 641 sti,
324 562 510 628 exsufflatur
531 561 692 644 baptismo
715 561 835 628 Christi
857 564 891 625 et
913 563 1026 628 uolunt
1047 563 1079 628 in
1103 582 1138 630 se
1160 564 1225 631 iste
1242 585 1299 648 per·
1317 565 1399 634 ordi-

248 670 350 735 naries
371 669 529 734 humanas
551 670 728 751 potestates
749 667 889 751 degellis
911 668 1141 752 temporalibus
1165 672 1336 750 emendari,
1359 694 1400 740 ue

248 776 279 840 in
307 779 449 842 aeternas
477 792 595 858 poenes
622 789 679 858 pru
701 773 807 838 ¹,tentis
836 772 1013 858 sacrilegiis
1037 773 1245 843 destinentur.
1270 779 1398 845 neseis

248 875 405 948 obicimus
446 883 586 948 furorem
628 878 824 954 schismatis,
861 880 1120 963 rebaptizationis
1156 884 1322 964 insaniam,
1360 881 1399 951 eb

215 1008 229 1047 ⁵
249 990 422 1056 hereditate
446 988 576 1063 Christi,
601 1005 681 1070 quse
699 1005 756 1070 per·
774 1004 884 1052 omnes
903 990 1014 1072 gentes
1033 987 1150 1055 diffuse
1169 995 1229 1070 cst,
1248 993 1399 1066 ueletiam
1421 1037 1423 1048 ·

250 1097 489 1181 separationem.
528 1094 567 1160 de
603 1092 769 1161 codicibus
805 1111 866 1158 uon
904 1097 1028 1159 tantum
1066 1097 1183 1162 nostris
1214 1097 1272 1163 sed
1303 1100 1398 1165 etiarn

250 1223 358 1269 eorum
389 1202 563 1268 recitamus
596 1198 758 1278 eeclesias,
791 1217 925 1282 quarum
953 1203 1081 1267 nomina
1106 1202 1200 1268 hodie
1227 1205 1341 1289 legunt
1367 1209 1400 1269 et

250 1311 366 1394 quibus
393 1308 489 1375 hodie
516 1327 577 1373 non
605 1306 852 1374 communicent.
877 1326 957 1389 quae
981 1327 1055 1374 curn
1077 1311 1251 1376 recitantur
1272 1312 1304 1376 in
1327 1331 1401 1377 con-

251 1415 421 1482 uenticulis
445 1433 566 1490 eorum,
589 1414 763 1484 lectoribus
787 1413 856 1478 suis
881 1414 1004 1480 dicunt:
1029 1416 1103 1481 ‘Par
1125 1420 1256 1495 tecum,‘
1275 1421 1398 1483 etcum

202 1545 231 1582 m
250 1523 330 1607 ipsis
357 1521 517 1605 plebibus,
546 1519 673 1603 quibus
690 1520 765 1585 illae
786 1519 913 1585 litterae
936 1522 1072 1606 scriptae
1095 1527 1181 1600 sunt,
1205 1542 1314 1608 pacem
1337 1543 1399 1589 nnn

249 1628 376 1693 habent.
407 1630 440 1692 et
466 1627 529 1710 ipsi
555 1627 647 1692 nobis
676 1625 820 1691 obiciunt
845 1626 899 1691 uel
926 1625 1007 1692 salsa
1039 1620 1170 1695 crimina
1202 1632 1402 1696 mortuorum

227 1735 302 1802 'uel
325 1736 422 1801 etiem
445 1735 473 1800 ei
497 1753 573 1800 uere
595 1735 702 1799 tamen
726 1733 828 1798 aliens
850 1752 912 1799 non
935 1733 1158 1819 intellegentes
1181 1735 1214 1800 in
1239 1735 1400 1818 hisquae

210 1913 214 1920 ,
250 1862 307 1909 nos
331 1843 377 1908 eis
401 1841 572 1934 obicimus,
595 1859 705 1906 onmes
729 1840 803 1905 illos
827 1841 936 1917 teneri,
960 1841 1067 1906 iubis
1091 1861 1178 1918 uero,
1202 1858 1284 1925 quae
1307 1842 1400 1908 nobis

249 1949 403 2024 obiciunt,
431 1950 555 2032 paleam
579 1948 633 2011 uel
656 1947 775 2011 zizania
799 1947 915 2012 insessis
940 1946 1116 2013 dominicae
1139 1948 1336 2030 reprebendi,
1360 1949 1400 2014 ad

201 2077 229 2116 rs
248 2055 406 2122 frumenta
438 2059 545 2121 autem
578 2055 695 2120 crimen
729 2073 790 2119 non
824 2054 980 2135 pertinere
1011 2074 1113 2138 neque
1151 2054 1399 2129 considerantes,

246 2162 333 2244 quia,
355 2163 474 2247 quibus
496 2161 573 2227 mali
595 2162 722 2243 placent
745 2160 777 2225 in
800 2160 935 2239 unitate,
959 2161 1023 2243 ipsi
1040 2163 1275 2228 communicant
1293 2161 1398 2231 malis.

247 2267 364 2351 quibus
392 2272 501 2335 eutem
530 2266 701 2350 displicent
729 2270 762 2331 et
786 2285 840 2332 eos
864 2267 1030 2333 emendare
1054 2271 1276 2352 uon-possunt
1297 2286 1400 2350 neque

246 2379 319 2439 ento
355 2379 483 2458 tempus
519 2375 636 2439 messis
674 2372 793 2439 sudent
830 2373 950 2439 zizania
987 2373 1154 2454 eradicare,
1191 2394 1235 2441 ue
1276 2374 1399 2439 simul

247 2480 465 2546 eradicent
487 2483 527 2546 et
549 2479 748 2558 triticum,
774 2498 835 2544 non
857 2480 953 2546 factis
978 2500 1086 2546 eorum
1111 2481 1167 2546 sed
1185 2480 1282 2546 ¹elteri
1311 2480 1399 2547 Chri·

196 2613 226 2651 eo
246 2586 290 2651 sti
317 2586 565 2672 communicent,
592 2586 640 2651 ita
668 2589 704 2651 ut
732 2604 793 2652 nou
822 2586 926 2652 solum
955 2606 1018 2653 nou
1047 2588 1085 2652 eb
1114 2588 1160 2653 eis
1187 2587 1398 2654 maculentur.

246 2693 303 2759 sed
339 2694 436 2759 etiam
474 2692 592 2758 diuinis
631 2692 738 2757 uerbis
773 2690 897 2757 laudari
933 2693 1172 2776 praedicarique
1208 2697 1398 2765 mercentur,

245 2793 468 2883 quoniamae
495 2817 609 2863 nomen
634 2797 753 2863 Christi
780 2814 837 2878 per
863 2796 1230 2890 hombiliascbismsta
1251 2798 1399 2881 blesphe-

244 2899 360 2984 ruetur,
387 2924 444 2987 pro
472 2904 555 2969 bono
584 2904 717 2968 unitatis
747 2904 895 2980 tolerant,
924 2903 1009 2986 quod
1036 2923 1091 2987 pro
1120 2905 1203 2969 bono
1226 2904 1399 2990 aequitatis

245 3012 393 3078 oderunt.

141 3121 228 3186 222⁵
291 3117 332 3185 si
365 3118 517 3184 babent
548 3136 679 3194 euros,
718 3117 899 3192 audiant,
938 3115 1035 3201 quid
1071 3116 1249 3200 spiritus
1286 3115 1400 3181 dicat

243 3223 453 3289 ecclesiis.
473 3223 520 3288 sic
539 3223 622 3289 enim
641 3224 672 3287 in
691 3222 887 3306 Apocalypsi
905 3222 1056 3290 lobannis
1073 3223 1206 3308 legitur:
1226 3210 1281 3291 ni
1292 3224 1395 3306 gelo,

334 3476 379 3539 14;
401 3476 434 3531 18
452 3458 552 3530 liettb.
573 3475 615 3540 13,
634 3474 743 3530 24÷ae
806 3475 843 3529 et
860 3475 944 3546 Apoc.
965 3475 991 3540 2,
1010 3475 1039 3541 i,-
1060 3475 1108 3540 11,
1130 3474 1176 3538 ru
1197 3474 1246 3539 293
1265 3476 1290 3540 3,
1311 3475 1341 3539 6;
1363 3475 1396 3528 13

279 3562 314 3618 26
331 3563 418 3635 Apoe.
437 3564 464 3628 2,
485 3561 555 3618 1-3

279 3739 292 3792 l
313 3731 483 3809 exsuffletur]
503 3742 533 3794 et
550 3738 707 3794 exsuffletur
724 3737 753 3792 P
822 3739 912 3793 noluit
931 3741 957 3792 A
1012 3738 1181 3794 liuseuism
1199 3737 1398 3808 rebaptizatio·

241 3826 284 3882 uis
302 3824 331 3881 R
401 3826 586 3897 rebaptisatus
604 3826 632 3881 P
701 3826 1114 3893 5,nerariom,m.enones1
1180 3824 1399 3895 desperationis

241 3912 308 3969 Me·
352 3913 555 3970 'lecclesiisF
599 3914 730 3970 bdicant
748 3913 776 3968 P
824 3915 858 3969 lo
875 3914 932 3985 ipsi
949 3915 1004 3970 Fa
1056 3915 1089 3970 12
1108 3916 1142 3970 lis
1160 3914 1256 3983 [lem
1307 3913 1340 3967 1³
1355 3917 1396 3965 te·

240 4000 603 4073 neri(iiotror.m.1)F
689 4001 836 4070 iisslrm
926 4018 992 4058 uero
1011 4002 1061 4058 om.
1082 4003 1121 4057 M
1208 4003 1245 4056 14
1261 4000 1341 4072 pelee
1364 4001 1399 4054 lli

277 4089 484 4155 a,m.2adP
538 4091 570 4145 17
590 4091 941 4161 ut‚m.1rupr·eletR
998 4091 1032 4146 18
1051 4092 1153 4145 zizanii
1171 4090 1209 4144 M
1264 4090 1296 4142 19
1316 4088 1394 4144 iscis.

240 4183 302 4234 sel
320 4195 388 4234 corr.
408 4178 489 4234 iactis
504 4178 538 4234 'F
553 4179 624 4234 ienis
643 4181 670 4236 A
724 4179 759 4233 23
779 4180 943 4250 aequitatis]
962 4181 1078 4236 unitatis
1095 4180 1134 4234 M
1186 4180 1221 4234 24
1241 4177 1356 4232 oderunt
1372 4178 1398 4231 u

240 4267 277 4324 26
296 4268 466 4340 apocalipsin
485 4267 513 4323 R
