3309 4867
263 365 307 429 24
622 361 651 418 S.
677 361 821 418 Aureli
846 360 1067 429 Augustini

263 555 455 633 uisceribns,
484 553 568 622 unde
595 558 692 621 nutus
723 560 783 635 est,
815 575 983 633 reuocans;
1016 555 1155 621 minatur
1187 555 1291 624 eidem
1324 558 1418 623 matri

265 681 299 728 se
323 663 356 728 in
383 665 506 752 partem
535 661 653 728 Donati
680 662 911 728 translaturum
940 667 972 728 et
999 680 1079 738 eam,
1112 682 1208 746 quam
1240 663 1418 729 incredibili

261 753 371 835 ¹furore
404 768 488 834 solet
519 768 662 848 caedere,
694 773 950 854 perempturum
988 770 1128 835 minatur
1159 771 1199 846 ei,
1232 770 1348 836 transit
1379 771 1419 835 ad

147 873 156 934 ἶ
265 877 388 958 purtem
411 874 538 952 Donati,
562 874 778 958 rebaptizatur
800 876 909 942 furens
934 879 967 940 et
983 877 1016 940 in
1035 879 1214 941 maternum
1234 877 1417 962 sanguinem

266 981 405 1046 fremens
428 980 510 1046 albis
534 979 682 1046 uestibus
705 980 908 1058 candidatum
932 980 1139 1047 constituitur
1161 982 1244 1046 intra
1262 983 1420 1049 cancellos
1453 1007 1467 1046 s

267 1087 409 1152 eminens
450 1090 547 1169 atque
588 1086 781 1170 conspicuus
823 1093 857 1153 et
898 1086 1039 1156 omnium
1081 1088 1278 1172 gementium
1319 1089 1421 1154 oculis

268 1191 439 1258 matricidii
460 1192 632 1260 meditator
652 1196 818 1278 unquam
840 1199 1014 1260 renouatus
1038 1195 1219 1278 opponitur.

224 1308 245 1371 3
313 1300 455 1366 Haecine
482 1299 612 1374 tandem
639 1300 700 1366 tibi
728 1300 866 1385 placent,
893 1301 944 1366 uir
976 1300 1190 1385 grauissime?
1221 1320 1421 1385 nequaquam

269 1408 330 1474 hcc
358 1406 397 1473 de
424 1409 457 1471 te
485 1405 690 1484 crediderim
724 1404 801 1474 noui
834 1407 1120 1473 considerationem
1148 1410 1247 1473 tuam.
1281 1406 1424 1472 caeditur

270 1518 372 1580 mater
399 1513 533 1580 carnalis
560 1513 593 1578 in
621 1503 782 1593 membris,
812 1514 930 1598 quibus
958 1514 1069 1600 genuit
1097 1519 1130 1580 et
1156 1514 1295 1580 nutriuit
1320 1514 1423 1599 ingra-
1442 1539 1470 1577 ro

270 1626 356 1699 tam;
379 1621 530 1706 prohibet
553 1620 613 1685 hoc
636 1620 783 1698 ecclesia,
806 1620 1099 1705 materspiritaiim
1134 1622 1277 1687 caeditur
1300 1625 1333 1702 et
1354 1621 1424 1705 ipsa

271 1727 303 1793 in
337 1728 555 1805 sacramentis,
589 1726 705 1811 quibus
738 1729 853 1814 genuit
885 1733 918 1793 et
949 1728 1087 1792 nutriuit
1116 1727 1289 1813 ingratum.
1323 1746 1425 1792 nonne

271 1837 333 1903 tibi
355 1836 484 1902 uidetur
506 1834 624 1902 dixisse
646 1833 879 1919 parricidaliter
896 1831 1059 1899 frendens:
1078 1829 1175 1910 ‘Quid
1192 1832 1308 1897 faciam
1327 1831 1427 1897 eccle·

258 1944 351 2021 Asiae,
374 1960 456 2026 quae
479 1960 531 2008 me
557 1940 708 2022 prohibet·
735 1939 866 2005 caedere
895 1941 1028 2003 matrem
1053 1942 1179 2002 ineam?
1206 1937 1325 2016 inueni,
1349 1937 1425 2021 qnid

273 2050 403 2118 faciam:
435 2047 573 2126 iniuriis,
606 2046 722 2130 quibus
754 2050 874 2130 potest,
907 2045 1004 2110 etiarn
1036 2044 1107 2126 ipsa
1134 2044 1279 2121 feriatum
1312 2043 1368 2108 fiat
1394 2043 1426 2108 in
1447 2066 1473 2108 ru

274 2175 326 2222 me
350 2154 482 2239 aliqrud,
506 2153 589 2220 unde
613 2153 755 2218 membra
778 2153 849 2218 eiu's
878 2151 1020 2227 doleaut3
1054 2152 1169 2216 uadum
1194 2151 1274 2215 mihi
1297 2150 1336 2215 ad
1360 2168 1427 2228 eos,

275 2263 332 2346 qui
354 2266 513 2328 nonerunt
536 2260 703 2326 exsufflare
726 2260 872 2344 gratiam,
892 2259 923 2322 in
944 2277 1008 2341 qua
1025 2257 1071 2322 ibi
1089 2261 1182 2324 natus
1203 2277 1286 2334 sum,
1305 2257 1429 2323 destru-

276 2391 328 2437 ere
350 2371 495 2446 somam,
520 2386 617 2450 quam
639 2366 671 2430 in
696 2372 786 2431 utera
811 2365 882 2431 eius
908 2364 1030 2447 aecepi3
1064 2365 1174 2431 ambas
1198 2367 1317 2430 matres
1339 2382 1428 2432 meaa

277 2478 384 2545 saeuis
408 2474 603 2542 cruciatibus
625 2477 806 2557 torqueatur
841 2490 923 2555 qnae
947 2490 997 2536 me
1020 2469 1179 2553 posterior
1201 2470 1335 2553 peperit,
1358 2469 1430 2535 effe·

278 2590 327 2656 rat
363 2583 461 2668 prior;
499 2581 539 2646 ad
577 2580 673 2646 huius
710 2580 852 2645 dolorem
890 2577 1080 2659 spiritaliter
1110 2576 1237 2668 moriar,
1270 2575 1310 2640 ad
1340 2575 1430 2640 illins
1448 2597 1477 2636 ro

278 2692 408 2758 caedem
444 2679 613 2754 carnaliter·
644 2686 774 2751 uiuam‘.
809 2684 887 2770 quid
910 2682 998 2749 aliud
1022 2687 1237 2765 expectamus,
1262 2682 1313 2745 uir
1334 2680 1431 2746 hono·

278 2794 542 2875 nobilissumis,
566 2793 630 2860 nisi
652 2796 690 2859 ut
712 2793 743 2858 in
766 2791 916 2857 miseram
940 2788 1108 2854 mulierem
1132 2791 1297 2858 senectute
1325 2774 1431 2851 decre·

279 2906 390 2990 pitam,
424 2903 583 2969 uiduitate
616 2900 814 2977 destitutam,
850 2919 869 2963 a
900 2897 992 2963 cuius
1026 2895 1178 2960 caedibus
1210 2894 1242 2958 in
1275 2893 1432 2958 catholica

279 3011 518 3098 prohibebatur,
540 3010 605 3073 iam
624 3007 794 3073 Donatista
811 3023 944 3072 securus
964 3005 1127 3067 armetur?
1146 3001 1223 3083 quid
1243 3001 1327 3065 enim
1346 2998 1434 3063 aliud

281 3117 452 3186 tirribundo
477 3117 570 3183 corde
595 3114 752 3197 concepit,
776 3131 848 3179 cum
874 3112 994 3176 diceret
1016 3108 1124 3173 matri:
1148 3107 1359 3171 ‘Transieram
1383 3124 1433 3169 ure
1451 3124 1479 3165 aa

320 3293 488 3361 imatri·(s
507 3295 590 3354 erae.)
610 3290 640 3343 F
691 3292 859 3359 ‘lparutern
881 3298 924 3344 (en
944 3288 1028 3350 eras.)
1047 3284 1075 3338 P
1146 3281 1218 3335 dona
1237 3283 1262 3335 A
1336 3279 1433 3333 transi·

282 3397 373 3439 turum
391 3383 498 3451 strom
517 3380 552 3449 cs.
572 3396 600 3432 rs.
621 3381 663 3432 25
712 3376 917 3431 desedere-A
981 3377 1181 3446 perempturam
1200 3369 1237 3423 Μ
1285 3371 1435 3437 ipatreru,

283 3491 352 3528 corr.
372 3475 431 3525 ml
450 3473 555 3541 partein
573 3468 601 3522 P
653 3466 826 3536 rebaptisati,
846 3480 915 3520 corr.
935 3455 1298 3531 (m.1?)rebaptisatarF
1335 3456 1435 3515 dabis,

284 3580 353 3618 corr.
372 3565 435 3615 osi
452 3558 522 3613 albis
540 3557 579 3612 Μ
640 3557 821 3609 irenonatur
840 3553 876 3606 M
894 3549 1038 3606 reuocatus
1057 3550 1084 3604 P
1137 3548 1240 3604 Bhsec
1258 3546 1286 3599 in
1306 3561 1347 3604 ae,
1366 3560 1436 3599 corr.

285 3656 343 3705 rui
361 3650 428 3704 haec
447 3664 481 3702 ne
498 3648 533 3704 Μ
557 3646 625 3700 haec
643 3661 677 3698 ne
695 3647 726 3699 A
746 3644 812 3698 haec
832 3644 886 3704 ine,
907 3644 971 3694 ra.2
988 3639 1120 3693 haeccine
1138 3637 1166 3691 P
1182 3635 1311 3689 haeccine
1329 3632 1357 3687 R
1375 3631 1437 3686 edd.

322 3738 364 3792 uir
381 3736 541 3807 grauissime
560 3733 612 3788 tibi
631 3732 741 3803 placent
758 3731 787 3786 R
841 3732 932 3801 placet
951 3726 1041 3784 Mra
1078 3724 1243 3780 ierederim
1263 3721 1328 3776 ΜΡ
1380 3737 1437 3774 cre·

286 3827 360 3882 ditur
378 3828 405 3880 A
478 3825 509 3879 11
531 3821 649 3877 ceoditur
666 3820 705 3874 Μ
721 3818 842 3874 coeditur
861 3819 889 3872 P
957 3815 1076 3886 ipsein]
1095 3815 1189 3884 ipsam,
1211 3827 1281 3865 corr.
1301 3815 1361 3865 rar!
1380 3811 1439 3879 ipsa

287 3920 312 3970 irs
332 3915 368 3971 Μ
385 3900 445 3983 ipsa
463 3914 490 3966 P
537 3913 570 3965 12
589 3913 618 3964 et
635 3909 752 3964 nutriuit
771 3925 823 3962 om.
843 3907 870 3961 R
919 3907 951 3959 14
971 3921 1057 3958 meam
1076 3907 1190 3957 matrem
1210 3900 1237 3954 R
1287 3897 1318 3952 17
1338 3898 1399 3966 qni·
1414 3901 1439 3960 (s

286 4005 369 4074 cras.)
388 4003 415 4057 Ρ
522 4000 569 4060 ibi,
589 4003 650 4054 nal
666 4014 755 4067 cupra
773 3997 787 4050 i
805 3997 846 4050 illi
867 3995 893 4047 R
913 3995 954 4048 ilii
973 4010 999 4046 m
1091 3993 1124 4045 18
1148 3989 1255 4044 umbras
1280 4005 1304 4040 rr
1322 3993 1393 4055 erp.)
1412 3989 1439 4039 A

286 4097 322 4149 22
340 4096 369 4148 iu
388 4109 439 4148 aar.
458 4090 495 4144 Μ
513 4088 591 4155 (aad.
610 4105 646 4142 m.
664 4093 696 4141 ut
713 4086 772 4140 uid.
793 4089 823 4150 2)
844 4084 928 4139 ΕΔΒ
1024 4082 1148 4134 miseram
1161 4079 1164 4150 ζ
1177 4078 1302 4132 miseram
1323 4074 1440 4129 aiterum

288 4184 340 4240 del.
359 4185 424 4236 Μ
441 4180 479 4235 Μ
541 4179 576 4233 23
593 4176 784 4231 ..desecatam
804 4173 876 4241 creet
895 4170 939 4237 de)
959 4170 988 4225 F
1059 4167 1195 4222 cecidibus
1214 4165 1251 4218 Μ
1312 4164 1347 4216 24
1367 4161 1441 4216 aliud

288 4290 339 4327 ora.
358 4270 396 4325 Μ
449 4270 482 4322 25
503 4265 618 4334 diceret]
639 4262 737 4317 diciret
755 4266 806 4315 aut
825 4259 924 4314 diciret
941 4257 976 4311 Μ
