<?xml version="1.0" encoding="UTF-8"?>
<!DOCTYPE html PUBLIC "-//W3C//DTD XHTML 1.0 Transitional//EN"
    "http://www.w3.org/TR/xhtml1/DTD/xhtml1-transitional.dtd">
<html xmlns="http://www.w3.org/1999/xhtml" xml:lang="en" lang="en">
 <head>
  <title>
</title>
<meta http-equiv="Content-Type" content="text/html;charset=utf-8" />
  <meta name='ocr-system' content='tesseract 3.04.00' />
  <meta name='ocr-capabilities' content='ocr_page ocr_carea ocr_par ocr_line ocrx_word'/>
</head>
<body>
  <div class='ocr_page' id='page_1' title='image "./savreliavgvstin00goldgoog_0701.png"; bbox 0 0 3309 4867; ppageno 0'>
   <div class='ocr_carea' id='block_1_1' title="bbox 547 436 1416 528">
    <p class='ocr_par' dir='ltr' id='par_1_1' title="bbox 547 436 1416 528">
     <span class='ocr_line' id='line_1_1' title="bbox 547 436 1416 528; baseline 0.012 -35"><span class='ocrx_word' id='word_1_1' title='bbox 547 438 814 510; x_wconf 67' lang='lat' dir='ltr'><strong>epistularum</strong></span> <span class='ocrx_word' id='word_1_2' title='bbox 842 436 964 494; x_wconf 74' lang='lat' dir='ltr'><strong>cxviii</strong></span> <span class='ocrx_word' id='word_1_3' title='bbox 1264 443 1328 508; x_wconf 83' lang='lat'><strong>683</strong></span> <span class='ocrx_word' id='word_1_4' title='bbox 1412 519 1416 528; x_wconf 26' lang='grc' dir='ltr'><strong><em>ι</em></strong></span> 
     </span>
    </p>
   </div>
   <div class='ocr_carea' id='block_1_2' title="bbox 32 615 1329 3694">
    <p class='ocr_par' dir='ltr' id='par_1_2' title="bbox 123 615 1329 1253">
     <span class='ocr_line' id='line_1_2' title="bbox 181 615 1329 719; baseline 0.001 -21"><span class='ocrx_word' id='word_1_5' title='bbox 181 651 312 718; x_wconf 88' lang='lat' dir='ltr'><strong>corpore</strong></span> <span class='ocrx_word' id='word_1_6' title='bbox 338 615 496 719; x_wconf 79' lang='lat' dir='ltr'><strong>nusquam</strong></span> <span class='ocrx_word' id='word_1_7' title='bbox 524 632 731 711; x_wconf 75' lang='lat' dir='ltr'><strong>discederent,</strong></span> <span class='ocrx_word' id='word_1_8' title='bbox 760 651 832 698; x_wconf 90' lang='lat' dir='ltr'><strong>com</strong></span> <span class='ocrx_word' id='word_1_9' title='bbox 866 631 920 697; x_wconf 88' lang='lat' dir='ltr'><strong>alii</strong></span> <span class='ocrx_word' id='word_1_10' title='bbox 936 669 939 675; x_wconf 67' lang='grc'><strong><em>«</em></strong></span> <span class='ocrx_word' id='word_1_11' title='bbox 953 631 1068 697; x_wconf 83' lang='lat' dir='ltr'><strong>atomis</strong></span> <span class='ocrx_word' id='word_1_12' title='bbox 1097 632 1152 697; x_wconf 90' lang='lat' dir='ltr'><strong>ulii</strong></span> <span class='ocrx_word' id='word_1_13' title='bbox 1180 638 1329 717; x_wconf 84' lang='lat' dir='ltr'><strong>quattuor</strong></span> 
     </span>
     <span class='ocr_line' id='line_1_3' title="bbox 179 737 1329 823; baseline 0 -17"><span class='ocrx_word' id='word_1_14' title='bbox 179 740 356 817; x_wconf 88' lang='lat' dir='ltr'><strong>elementis,</strong></span> <span class='ocrx_word' id='word_1_15' title='bbox 388 739 421 804; x_wconf 94' lang='lat' dir='ltr'><strong>iu</strong></span> <span class='ocrx_word' id='word_1_16' title='bbox 455 739 572 822; x_wconf 84' lang='lat' dir='ltr'><strong>quibus</strong></span> <span class='ocrx_word' id='word_1_17' title='bbox 604 737 643 804; x_wconf 87' lang='lat' dir='ltr'><strong>ad</strong></span> <span class='ocrx_word' id='word_1_18' title='bbox 677 737 843 805; x_wconf 81' lang='lat' dir='ltr'><strong>efficienda</strong></span> <span class='ocrx_word' id='word_1_19' title='bbox 872 738 978 804; x_wconf 86' lang='lat' dir='ltr'><strong>omnia</strong></span> <span class='ocrx_word' id='word_1_20' title='bbox 1008 737 1092 823; x_wconf 76' lang='lat' dir='ltr'><strong>ignis</strong></span> <span class='ocrx_word' id='word_1_21' title='bbox 1123 742 1329 823; x_wconf 86' lang='lat' dir='ltr'><strong>praeualeret,</strong></span> 
     </span>
     <span class='ocr_line' id='line_1_4' title="bbox 123 845 1329 933; baseline 0 -20"><span class='ocrx_word' id='word_1_22' title='bbox 123 851 129 863; x_wconf 84' lang='grc'><em>’</em></span> <span class='ocrx_word' id='word_1_23' title='bbox 178 847 335 933; x_wconf 86' lang='lat' dir='ltr'><strong>principia</strong></span> <span class='ocrx_word' id='word_1_24' title='bbox 360 866 466 913; x_wconf 88' lang='lat' dir='ltr'><strong>rerum</strong></span> <span class='ocrx_word' id='word_1_25' title='bbox 491 846 707 929; x_wconf 74' lang='lat' dir='ltr'><strong>ducentenis</strong></span> <span class='ocrx_word' id='word_1_26' title='bbox 736 864 796 911; x_wconf 92' lang='lat' dir='ltr'><strong>uon</strong></span> <span class='ocrx_word' id='word_1_27' title='bbox 820 845 947 912; x_wconf 88' lang='lat' dir='ltr'><strong>uideret</strong></span> <span class='ocrx_word' id='word_1_28' title='bbox 969 846 1142 912; x_wconf 87' lang='lat' dir='ltr'><strong>stultorum</strong></span> <span class='ocrx_word' id='word_1_29' title='bbox 1171 847 1329 913; x_wconf 86' lang='lat' dir='ltr'><strong>abunden-</strong></span> 
     </span>
     <span class='ocr_line' id='line_1_5' title="bbox 177 948 1327 1038; baseline 0 -20"><span class='ocrx_word' id='word_1_30' title='bbox 177 955 257 1022; x_wconf 84' lang='lat' dir='ltr'><strong>tiam</strong></span> <span class='ocrx_word' id='word_1_31' title='bbox 277 952 400 1038; x_wconf 82' lang='lat' dir='ltr'>corpori</span> <span class='ocrx_word' id='word_1_32' title='bbox 418 952 568 1027; x_wconf 87' lang='lat' dir='ltr'><strong>deditam,</strong></span> <span class='ocrx_word' id='word_1_33' title='bbox 593 971 665 1018; x_wconf 89' lang='lat' dir='ltr'><strong>cum</strong></span> <span class='ocrx_word' id='word_1_34' title='bbox 689 953 905 1037; x_wconf 81' lang='lat' dir='ltr'><strong>incorpoream</strong></span> <span class='ocrx_word' id='word_1_35' title='bbox 929 948 1102 1035; x_wconf 90' lang='lat' dir='ltr'><strong>potentiam</strong></span> <span class='ocrx_word' id='word_1_36' title='bbox 1122 951 1327 1021; x_wconf 78' lang='lat' dir='ltr'><strong>conditricem</strong></span> 
     </span>
     <span class='ocr_line' id='line_1_6' title="bbox 144 1059 1328 1147; baseline 0.004 -27"><span class='ocrx_word' id='word_1_37' title='bbox 144 1079 281 1127; x_wconf 82' lang='lat' dir='ltr'><strong>ererum</strong></span> <span class='ocrx_word' id='word_1_38' title='bbox 301 1078 502 1144; x_wconf 87' lang='lat' dir='ltr'><strong>nequaquam</strong></span> <span class='ocrx_word' id='word_1_39' title='bbox 520 1061 643 1126; x_wconf 84' lang='lat' dir='ltr'><strong>ualeret</strong></span> <span class='ocrx_word' id='word_1_40' title='bbox 659 1059 786 1138; x_wconf 90' lang='lat' dir='ltr'><strong>intueri,</strong></span> <span class='ocrx_word' id='word_1_41' title='bbox 809 1060 995 1144; x_wconf 85' lang='lat' dir='ltr'><strong>inquorum</strong></span> <span class='ocrx_word' id='word_1_42' title='bbox 1014 1059 1122 1142; x_wconf 86' lang='lat' dir='ltr'><strong>potius</strong></span> <span class='ocrx_word' id='word_1_43' title='bbox 1142 1060 1328 1147; x_wconf 77' lang='lat' dir='ltr'><strong>suffragium</strong></span> 
     </span>
     <span class='ocr_line' id='line_1_7' title="bbox 176 1169 361 1253; baseline -0.011 -18"><span class='ocrx_word' id='word_1_44' title='bbox 176 1169 361 1253; x_wconf 78' lang='lat' dir='ltr'><strong>reperetur?</strong></span> 
     </span>
    </p>

    <p class='ocr_par' dir='ltr' id='par_1_3' title="bbox 81 1265 1328 1569">
     <span class='ocr_line' id='line_1_8' title="bbox 81 1265 1328 1357; baseline -0.001 -17"><span class='ocrx_word' id='word_1_45' title='bbox 81 1265 129 1330; x_wconf 88' lang='grc'><strong>19</strong></span> <span class='ocrx_word' id='word_1_46' title='bbox 221 1274 375 1340; x_wconf 76' lang='lat' dir='ltr'><strong>Restabat</strong></span> <span class='ocrx_word' id='word_1_47' title='bbox 406 1291 479 1357; x_wconf 90' lang='lat' dir='ltr'><strong>pars</strong></span> <span class='ocrx_word' id='word_1_48' title='bbox 507 1272 711 1339; x_wconf 72' lang='lat' dir='ltr'><strong>rationalium</strong></span> <span class='ocrx_word' id='word_1_49' title='bbox 738 1272 972 1355; x_wconf 85' lang='lat' dir='ltr'><strong>quaestionum.</strong></span> <span class='ocrx_word' id='word_1_50' title='bbox 1005 1272 1089 1338; x_wconf 90' lang='lat' dir='ltr'><strong>nosti</strong></span> <span class='ocrx_word' id='word_1_51' title='bbox 1119 1274 1213 1352; x_wconf 89' lang='lat' dir='ltr'><strong>enim,</strong></span> <span class='ocrx_word' id='word_1_52' title='bbox 1242 1273 1328 1357; x_wconf 88' lang='lat' dir='ltr'><strong>quic·</strong></span> 
     </span>
     <span class='ocr_line' id='line_1_9' title="bbox 178 1378 1326 1464; baseline 0 -20"><span class='ocrx_word' id='word_1_53' title='bbox 178 1379 255 1464; x_wconf 93' lang='lat' dir='ltr'><strong>quid</strong></span> <span class='ocrx_word' id='word_1_54' title='bbox 276 1385 405 1463; x_wconf 90' lang='lat' dir='ltr'><strong>propter</strong></span> <span class='ocrx_word' id='word_1_55' title='bbox 428 1378 664 1463; x_wconf 89' lang='lat' dir='ltr'><strong>adipiscendam</strong></span> <span class='ocrx_word' id='word_1_56' title='bbox 687 1379 876 1462; x_wconf 84' lang='lat' dir='ltr'><strong>sapientiam</strong></span> <span class='ocrx_word' id='word_1_57' title='bbox 895 1378 1067 1462; x_wconf 89' lang='lat' dir='ltr'><strong>quaeritur,</strong></span> <span class='ocrx_word' id='word_1_58' title='bbox 1092 1382 1148 1444; x_wconf 89' lang='lat' dir='ltr'><strong>aut</strong></span> <span class='ocrx_word' id='word_1_59' title='bbox 1171 1380 1211 1444; x_wconf 90' lang='lat' dir='ltr'><strong>de</strong></span> <span class='ocrx_word' id='word_1_60' title='bbox 1232 1380 1326 1445; x_wconf 91' lang='lat' dir='ltr'><strong>mori-</strong></span> 
     </span>
     <span class='ocr_line' id='line_1_10' title="bbox 176 1484 1326 1569; baseline -0.001 -18"><span class='ocrx_word' id='word_1_61' title='bbox 176 1487 238 1551; x_wconf 89' lang='lat' dir='ltr'><strong>bus</strong></span> <span class='ocrx_word' id='word_1_62' title='bbox 266 1489 323 1551; x_wconf 86' lang='lat' dir='ltr'><strong>eut</strong></span> <span class='ocrx_word' id='word_1_63' title='bbox 350 1485 389 1551; x_wconf 91' lang='lat' dir='ltr'><strong>de</strong></span> <span class='ocrx_word' id='word_1_64' title='bbox 416 1490 529 1551; x_wconf 86' lang='lat' dir='ltr'><strong>natura</strong></span> <span class='ocrx_word' id='word_1_65' title='bbox 556 1489 612 1550; x_wconf 89' lang='lat' dir='ltr'><strong>aut</strong></span> <span class='ocrx_word' id='word_1_66' title='bbox 639 1484 677 1549; x_wconf 93' lang='lat' dir='ltr'><strong>de</strong></span> <span class='ocrx_word' id='word_1_67' title='bbox 705 1485 826 1550; x_wconf 89' lang='lat' dir='ltr'><strong>ratione</strong></span> <span class='ocrx_word' id='word_1_68' title='bbox 854 1485 970 1550; x_wconf 88' lang='lat' dir='ltr'><strong>habere</strong></span> <span class='ocrx_word' id='word_1_69' title='bbox 998 1485 1226 1569; x_wconf 86' lang='lat' dir='ltr'><strong>quaestionem.</strong></span> <span class='ocrx_word' id='word_1_70' title='bbox 1255 1504 1326 1550; x_wconf 85' lang='lat' dir='ltr'><strong>cunr</strong></span> 
     </span>
    </p>

    <p class='ocr_par' dir='ltr' id='par_1_4' title="bbox 130 1589 1326 2099">
     <span class='ocr_line' id='line_1_11' title="bbox 130 1589 1325 1677; baseline -0.003 -19"><span class='ocrx_word' id='word_1_71' title='bbox 130 1609 158 1650; x_wconf 83' lang='grc' dir='ltr'><strong>ιο</strong></span> <span class='ocrx_word' id='word_1_72' title='bbox 177 1611 251 1677; x_wconf 81' lang='lat' dir='ltr'><strong>argo</strong></span> <span class='ocrx_word' id='word_1_73' title='bbox 275 1591 423 1674; x_wconf 76' lang='lat' dir='ltr'><strong>Epicurei</strong></span> <span class='ocrx_word' id='word_1_74' title='bbox 451 1610 624 1674; x_wconf 86' lang='lat' dir='ltr'><strong>numquam</strong></span> <span class='ocrx_word' id='word_1_75' title='bbox 652 1609 766 1656; x_wconf 89' lang='lat' dir='ltr'><strong>sensus</strong></span> <span class='ocrx_word' id='word_1_76' title='bbox 789 1592 930 1674; x_wconf 88' lang='lat' dir='ltr'><strong>eorporis</strong></span> <span class='ocrx_word' id='word_1_77' title='bbox 957 1590 1027 1656; x_wconf 82' lang='lat' dir='ltr'><strong>falli</strong></span> <span class='ocrx_word' id='word_1_78' title='bbox 1051 1589 1201 1669; x_wconf 88' lang='lat' dir='ltr'><strong>dicerent,</strong></span> <span class='ocrx_word' id='word_1_79' title='bbox 1226 1590 1325 1657; x_wconf 86' lang='lat' dir='ltr'><strong>Stoici</strong></span> 
     </span>
     <span class='ocr_line' id='line_1_12' title="bbox 176 1696 1326 1781; baseline -0.002 -18"><span class='ocrx_word' id='word_1_80' title='bbox 176 1702 283 1763; x_wconf 90' lang='lat' dir='ltr'><strong>autem</strong></span> <span class='ocrx_word' id='word_1_81' title='bbox 302 1698 371 1763; x_wconf 84' lang='lat' dir='ltr'><strong>falli</strong></span> <span class='ocrx_word' id='word_1_82' title='bbox 391 1696 558 1781; x_wconf 85' lang='lat' dir='ltr'><strong>aliquando</strong></span> <span class='ocrx_word' id='word_1_83' title='bbox 574 1696 791 1774; x_wconf 86' lang='lat' dir='ltr'><strong>concederent,</strong></span> <span class='ocrx_word' id='word_1_84' title='bbox 811 1697 939 1781; x_wconf 84' lang='lat' dir='ltr'><strong>utrique</strong></span> <span class='ocrx_word' id='word_1_85' title='bbox 958 1700 1065 1762; x_wconf 88' lang='lat' dir='ltr'><strong>tamen</strong></span> <span class='ocrx_word' id='word_1_86' title='bbox 1084 1696 1226 1781; x_wconf 84' lang='lat' dir='ltr'><strong>regulam</strong></span> <span class='ocrx_word' id='word_1_87' title='bbox 1243 1715 1326 1763; x_wconf 89' lang='lat' dir='ltr'><strong>com·</strong></span> 
     </span>
     <span class='ocr_line' id='line_1_13' title="bbox 175 1803 1326 1888; baseline -0.002 -19"><span class='ocrx_word' id='word_1_88' title='bbox 175 1803 413 1888; x_wconf 88' lang='lat' dir='ltr'><strong>prehendendaa</strong></span> <span class='ocrx_word' id='word_1_89' title='bbox 441 1803 588 1868; x_wconf 88' lang='lat' dir='ltr'><strong>ueritatis</strong></span> <span class='ocrx_word' id='word_1_90' title='bbox 612 1803 645 1868; x_wconf 91' lang='lat' dir='ltr'><strong>in</strong></span> <span class='ocrx_word' id='word_1_91' title='bbox 669 1803 817 1869; x_wconf 87' lang='lat' dir='ltr'><strong>sensibus</strong></span> <span class='ocrx_word' id='word_1_92' title='bbox 840 1806 1002 1886; x_wconf 84' lang='lat' dir='ltr'><strong>ponerent,</strong></span> <span class='ocrx_word' id='word_1_93' title='bbox 1027 1803 1098 1885; x_wconf 91' lang='lat' dir='ltr'><strong>quis</strong></span> <span class='ocrx_word' id='word_1_94' title='bbox 1121 1803 1194 1868; x_wconf 87' lang='lat' dir='ltr'><strong>istis</strong></span> <span class='ocrx_word' id='word_1_95' title='bbox 1218 1805 1326 1869; x_wconf 86' lang='lat' dir='ltr'><strong>eontra</strong></span> 
     </span>
     <span class='ocr_line' id='line_1_14' title="bbox 175 1908 1324 1993; baseline 0 -19"><span class='ocrx_word' id='word_1_96' title='bbox 175 1909 354 1976; x_wconf 88' lang='lat' dir='ltr'><strong>dicentibus</strong></span> <span class='ocrx_word' id='word_1_97' title='bbox 378 1908 504 1975; x_wconf 86' lang='lat' dir='ltr'><strong>audiret</strong></span> <span class='ocrx_word' id='word_1_98' title='bbox 525 1909 730 1974; x_wconf 88' lang='lat' dir='ltr'><strong>Platonicos?</strong></span> <span class='ocrx_word' id='word_1_99' title='bbox 760 1910 832 1992; x_wconf 89' lang='lat' dir='ltr'><strong>quis</strong></span> <span class='ocrx_word' id='word_1_100' title='bbox 859 1928 921 1974; x_wconf 91' lang='lat' dir='ltr'><strong>non</strong></span> <span class='ocrx_word' id='word_1_101' title='bbox 949 1908 1043 1974; x_wconf 89' lang='lat' dir='ltr'><strong>modo</strong></span> <span class='ocrx_word' id='word_1_102' title='bbox 1071 1910 1103 1973; x_wconf 91' lang='lat' dir='ltr'><strong>in</strong></span> <span class='ocrx_word' id='word_1_103' title='bbox 1133 1908 1324 1993; x_wconf 83' lang='lat' dir='ltr'><strong>sapientium</strong></span> 
     </span>
     <span class='ocr_line' id='line_1_15' title="bbox 174 1998 1326 2099; baseline -0.001 -18"><span class='ocrx_word' id='word_1_104' title='bbox 174 2017 231 2082; x_wconf 90' lang='lat' dir='ltr'><strong>sed</strong></span> <span class='ocrx_word' id='word_1_105' title='bbox 255 2015 381 2083; x_wconf 92' lang='lat' dir='ltr'><strong>omuino</strong></span> <span class='ocrx_word' id='word_1_106' title='bbox 405 2016 437 2081; x_wconf 90' lang='lat' dir='ltr'><strong>in</strong></span> <span class='ocrx_word' id='word_1_107' title='bbox 465 2016 630 2081; x_wconf 90' lang='lat' dir='ltr'><strong>hominum</strong></span> <span class='ocrx_word' id='word_1_108' title='bbox 654 2034 784 2080; x_wconf 75' lang='lat' dir='ltr'><strong>uermero</strong></span> <span class='ocrx_word' id='word_1_109' title='bbox 812 2014 973 2081; x_wconf 80' lang='lat' dir='ltr'><strong>habendos</strong></span> <span class='ocrx_word' id='word_1_110' title='bbox 996 2017 1133 2099; x_wconf 78' lang='lat' dir='ltr'><strong>putaret,</strong></span> <span class='ocrx_word' id='word_1_111' title='bbox 1164 1998 1252 2080; x_wconf 84' lang='lat' dir='ltr'><strong>oieb</strong></span> <span class='ocrx_word' id='word_1_112' title='bbox 1278 2017 1326 2092; x_wconf 70' lang='lat' dir='ltr'><strong>eia</strong></span> 
     </span>
    </p>

    <p class='ocr_par' dir='ltr' id='par_1_5' title="bbox 126 2120 1325 2631">
     <span class='ocr_line' id='line_1_16' title="bbox 126 2120 1322 2206; baseline -0.001 -18"><span class='ocrx_word' id='word_1_113' title='bbox 126 2141 152 2181; x_wconf 76' lang='lat' dir='ltr'><strong>a</strong></span> <span class='ocrx_word' id='word_1_114' title='bbox 173 2125 318 2206; x_wconf 89' lang='lat' dir='ltr'><strong>prompte</strong></span> <span class='ocrx_word' id='word_1_115' title='bbox 342 2122 500 2188; x_wconf 90' lang='lat' dir='ltr'><strong>diceretur</strong></span> <span class='ocrx_word' id='word_1_116' title='bbox 527 2141 587 2187; x_wconf 93' lang='lat' dir='ltr'><strong>non</strong></span> <span class='ocrx_word' id='word_1_117' title='bbox 616 2122 721 2187; x_wconf 85' lang='lat' dir='ltr'><strong>solnm</strong></span> <span class='ocrx_word' id='word_1_118' title='bbox 745 2140 816 2186; x_wconf 90' lang='lat' dir='ltr'><strong>esse</strong></span> <span class='ocrx_word' id='word_1_119' title='bbox 845 2121 976 2204; x_wconf 84' lang='lat' dir='ltr'><strong>aliquid,</strong></span> <span class='ocrx_word' id='word_1_120' title='bbox 1001 2120 1086 2204; x_wconf 81' lang='lat' dir='ltr'><strong>quod</strong></span> <span class='ocrx_word' id='word_1_121' title='bbox 1109 2141 1212 2203; x_wconf 86' lang='lat' dir='ltr'><strong>neque</strong></span> <span class='ocrx_word' id='word_1_122' title='bbox 1234 2125 1322 2188; x_wconf 89' lang='lat' dir='ltr'><strong>tactu</strong></span> 
     </span>
     <span class='ocr_line' id='line_1_17' title="bbox 174 2224 1325 2312; baseline 0.001 -19"><span class='ocrx_word' id='word_1_123' title='bbox 174 2228 314 2312; x_wconf 88' lang='lat' dir='ltr'><strong>corporis</strong></span> <span class='ocrx_word' id='word_1_124' title='bbox 347 2246 449 2309; x_wconf 90' lang='lat' dir='ltr'><strong>neque</strong></span> <span class='ocrx_word' id='word_1_125' title='bbox 482 2224 599 2292; x_wconf 78' lang='lat' dir='ltr'><strong>olfactu</strong></span> <span class='ocrx_word' id='word_1_126' title='bbox 636 2228 689 2292; x_wconf 88' lang='lat' dir='ltr'><strong>uel</strong></span> <span class='ocrx_word' id='word_1_127' title='bbox 727 2230 859 2310; x_wconf 80' lang='lat' dir='ltr'><strong>gustatu</strong></span> <span class='ocrx_word' id='word_1_128' title='bbox 892 2245 995 2308; x_wconf 90' lang='lat' dir='ltr'><strong>neque</strong></span> <span class='ocrx_word' id='word_1_129' title='bbox 1028 2226 1077 2292; x_wconf 90' lang='lat' dir='ltr'><strong>his</strong></span> <span class='ocrx_word' id='word_1_130' title='bbox 1111 2227 1241 2292; x_wconf 75' lang='lat' dir='ltr'><strong>eruntne</strong></span> <span class='ocrx_word' id='word_1_131' title='bbox 1269 2232 1325 2294; x_wconf 87' lang='lat' dir='ltr'><strong>aut</strong></span> 
     </span>
     <span class='ocr_line' id='line_1_18' title="bbox 173 2333 1323 2418; baseline -0.001 -18"><span class='ocrx_word' id='word_1_132' title='bbox 173 2333 274 2400; x_wconf 90' lang='lat' dir='ltr'><strong>oculis</strong></span> <span class='ocrx_word' id='word_1_133' title='bbox 306 2334 425 2418; x_wconf 88' lang='lat' dir='ltr'><strong>percipi</strong></span> <span class='ocrx_word' id='word_1_134' title='bbox 456 2333 561 2416; x_wconf 91' lang='lat' dir='ltr'><strong>possit</strong></span> <span class='ocrx_word' id='word_1_135' title='bbox 591 2352 693 2416; x_wconf 89' lang='lat' dir='ltr'><strong>neque</strong></span> <span class='ocrx_word' id='word_1_136' title='bbox 722 2334 847 2398; x_wconf 93' lang='lat' dir='ltr'><strong>omnino</strong></span> <span class='ocrx_word' id='word_1_137' title='bbox 875 2334 989 2399; x_wconf 89' lang='lat' dir='ltr'><strong>talium</strong></span> <span class='ocrx_word' id='word_1_138' title='bbox 1022 2352 1137 2410; x_wconf 88' lang='lat' dir='ltr'><strong>nerum,</strong></span> <span class='ocrx_word' id='word_1_139' title='bbox 1166 2352 1246 2417; x_wconf 78' lang='lat' dir='ltr'><strong>quaa</strong></span> <span class='ocrx_word' id='word_1_140' title='bbox 1278 2335 1323 2399; x_wconf 89' lang='lat' dir='ltr'><strong>ita</strong></span> 
     </span>
     <span class='ocr_line' id='line_1_19' title="bbox 172 2438 1320 2524; baseline -0.002 -17"><span class='ocrx_word' id='word_1_141' title='bbox 172 2440 374 2519; x_wconf 83' lang='lat' dir='ltr'><strong>sentirentur,</strong></span> <span class='ocrx_word' id='word_1_142' title='bbox 395 2438 501 2522; x_wconf 86' lang='lat' dir='ltr'><strong>aliqua</strong></span> <span class='ocrx_word' id='word_1_143' title='bbox 513 2438 739 2524; x_wconf 84' lang='lat' dir='ltr'><strong>imaginatione</strong></span> <span class='ocrx_word' id='word_1_144' title='bbox 756 2439 899 2523; x_wconf 84' lang='lat' dir='ltr'><strong>cogitari,</strong></span> <span class='ocrx_word' id='word_1_145' title='bbox 920 2439 976 2504; x_wconf 87' lang='lat' dir='ltr'><strong>sed</strong></span> <span class='ocrx_word' id='word_1_146' title='bbox 989 2438 1021 2503; x_wconf 91' lang='lat' dir='ltr'><strong>id</strong></span> <span class='ocrx_word' id='word_1_147' title='bbox 1042 2439 1147 2505; x_wconf 87' lang='lat' dir='ltr'><strong>solum</strong></span> <span class='ocrx_word' id='word_1_148' title='bbox 1161 2457 1235 2504; x_wconf 90' lang='lat' dir='ltr'><strong>uere</strong></span> <span class='ocrx_word' id='word_1_149' title='bbox 1250 2458 1320 2505; x_wconf 87' lang='lat' dir='ltr'><strong>esse</strong></span> 
     </span>
     <span class='ocr_line' id='line_1_20' title="bbox 171 2544 1320 2631; baseline -0.003 -19"><span class='ocrx_word' id='word_1_150' title='bbox 171 2550 267 2631; x_wconf 87' lang='lat' dir='ltr'><strong>atque</strong></span> <span class='ocrx_word' id='word_1_151' title='bbox 289 2545 322 2612; x_wconf 92' lang='lat' dir='ltr'><strong>id</strong></span> <span class='ocrx_word' id='word_1_152' title='bbox 345 2547 450 2611; x_wconf 89' lang='lat' dir='ltr'><strong>solam</strong></span> <span class='ocrx_word' id='word_1_153' title='bbox 473 2564 567 2629; x_wconf 87' lang='lat' dir='ltr'><strong>posse</strong></span> <span class='ocrx_word' id='word_1_154' title='bbox 585 2544 714 2630; x_wconf 86' lang='lat' dir='ltr'><strong>percipi,</strong></span> <span class='ocrx_word' id='word_1_155' title='bbox 735 2546 810 2628; x_wconf 88' lang='lat' dir='ltr'><strong>quia</strong></span> <span class='ocrx_word' id='word_1_156' title='bbox 828 2545 1087 2611; x_wconf 85' lang='lat' dir='ltr'><strong>incommutabile</strong></span> <span class='ocrx_word' id='word_1_157' title='bbox 1106 2549 1139 2611; x_wconf 87' lang='lat' dir='ltr'><strong>et</strong></span> <span class='ocrx_word' id='word_1_158' title='bbox 1158 2544 1320 2630; x_wconf 89' lang='lat' dir='ltr'><strong>sempiter-</strong></span> 
     </span>
    </p>

    <p class='ocr_par' dir='ltr' id='par_1_6' title="bbox 121 2651 1319 2844">
     <span class='ocr_line' id='line_1_21' title="bbox 121 2651 1319 2738; baseline 0 -21"><span class='ocrx_word' id='word_1_159' title='bbox 121 2675 152 2717; x_wconf 81' lang='lat' dir='ltr'><strong>ro</strong></span> <span class='ocrx_word' id='word_1_160' title='bbox 173 2673 249 2719; x_wconf 93' lang='lat' dir='ltr'><strong>num</strong></span> <span class='ocrx_word' id='word_1_161' title='bbox 269 2656 328 2732; x_wconf 85' lang='lat' dir='ltr'><strong>est,</strong></span> <span class='ocrx_word' id='word_1_162' title='bbox 347 2652 467 2738; x_wconf 86' lang='lat' dir='ltr'><strong>percipi</strong></span> <span class='ocrx_word' id='word_1_163' title='bbox 486 2656 592 2718; x_wconf 88' lang='lat' dir='ltr'><strong>autem</strong></span> <span class='ocrx_word' id='word_1_164' title='bbox 613 2652 682 2717; x_wconf 85' lang='lat' dir='ltr'><strong>sole</strong></span> <span class='ocrx_word' id='word_1_165' title='bbox 699 2651 929 2738; x_wconf 87' lang='lat' dir='ltr'><strong>intellegentie,</strong></span> <span class='ocrx_word' id='word_1_166' title='bbox 949 2667 1012 2736; x_wconf 85' lang='lat' dir='ltr'><strong>quu</strong></span> <span class='ocrx_word' id='word_1_167' title='bbox 1029 2671 1092 2717; x_wconf 85' lang='lat' dir='ltr'><strong>uua</strong></span> <span class='ocrx_word' id='word_1_168' title='bbox 1109 2653 1239 2730; x_wconf 87' lang='lat' dir='ltr'><strong>ueritas,</strong></span> <span class='ocrx_word' id='word_1_169' title='bbox 1259 2670 1319 2735; x_wconf 88' lang='lat' dir='ltr'><strong>quo</strong></span> 
     </span>
     <span class='ocr_line' id='line_1_22' title="bbox 170 2757 767 2844; baseline -0.007 -19"><span class='ocrx_word' id='word_1_170' title='bbox 170 2759 264 2825; x_wconf 91' lang='lat' dir='ltr'><strong>modo</strong></span> <span class='ocrx_word' id='word_1_171' title='bbox 287 2758 407 2844; x_wconf 77' lang='lat' dir='ltr'><strong>adtingi</strong></span> <span class='ocrx_word' id='word_1_172' title='bbox 430 2761 548 2842; x_wconf 86' lang='lat' dir='ltr'><strong>potest,</strong></span> <span class='ocrx_word' id='word_1_173' title='bbox 573 2757 767 2841; x_wconf 83' lang='lat' dir='ltr'><strong>adtingitur?</strong></span> 
     </span>
    </p>

    <p class='ocr_par' dir='ltr' id='par_1_7' title="bbox 69 2863 1320 3164">
     <span class='ocr_line' id='line_1_23' title="bbox 69 2863 1320 2955; baseline -0.002 -23"><span class='ocrx_word' id='word_1_174' title='bbox 69 2873 118 2939; x_wconf 85' lang='lat'><strong>20</strong></span> <span class='ocrx_word' id='word_1_175' title='bbox 215 2865 296 2933; x_wconf 77' lang='lat' dir='ltr'><strong>(tam</strong></span> <span class='ocrx_word' id='word_1_176' title='bbox 329 2883 404 2954; x_wconf 83' lang='lat' dir='ltr'><strong>ergo</strong></span> <span class='ocrx_word' id='word_1_177' title='bbox 436 2864 515 2930; x_wconf 88' lang='lat' dir='ltr'><strong>talia</strong></span> <span class='ocrx_word' id='word_1_178' title='bbox 547 2865 701 2929; x_wconf 87' lang='lat' dir='ltr'><strong>sentirent</strong></span> <span class='ocrx_word' id='word_1_179' title='bbox 727 2864 895 2955; x_wconf 76' lang='lat' dir='ltr'><strong>Platonici,</strong></span> <span class='ocrx_word' id='word_1_180' title='bbox 928 2884 1009 2951; x_wconf 79' lang='lat' dir='ltr'><strong>quae</strong></span> <span class='ocrx_word' id='word_1_181' title='bbox 1040 2884 1143 2949; x_wconf 88' lang='lat' dir='ltr'><strong>neque</strong></span> <span class='ocrx_word' id='word_1_182' title='bbox 1171 2863 1320 2931; x_wconf 84' lang='lat' dir='ltr'><strong>docerent</strong></span> 
     </span>
     <span class='ocr_line' id='line_1_24' title="bbox 170 2963 1318 3054; baseline -0.003 -15"><span class='ocrx_word' id='word_1_183' title='bbox 170 2973 256 3039; x_wconf 87' lang='lat' dir='ltr'><strong>carni</strong></span> <span class='ocrx_word' id='word_1_184' title='bbox 288 2970 414 3038; x_wconf 87' lang='lat' dir='ltr'><strong>deditos</strong></span> <span class='ocrx_word' id='word_1_185' title='bbox 445 2970 589 3038; x_wconf 82' lang='lat' dir='ltr'><strong>homines</strong></span> <span class='ocrx_word' id='word_1_186' title='bbox 622 2989 724 3054; x_wconf 89' lang='lat' dir='ltr'><strong>neque</strong></span> <span class='ocrx_word' id='word_1_187' title='bbox 755 2976 845 3038; x_wconf 85' lang='lat' dir='ltr'><strong>tante</strong></span> <span class='ocrx_word' id='word_1_188' title='bbox 876 2976 984 3039; x_wconf 87' lang='lat' dir='ltr'><strong>essent</strong></span> <span class='ocrx_word' id='word_1_189' title='bbox 1014 2963 1204 3038; x_wconf 86' lang='lat' dir='ltr'><strong>auctoritate</strong></span> <span class='ocrx_word' id='word_1_190' title='bbox 1230 2971 1318 3054; x_wconf 83' lang='lat' dir='ltr'><strong>apud</strong></span> 
     </span>
     <span class='ocr_line' id='line_1_25' title="bbox 169 3076 1318 3164; baseline -0.002 -19"><span class='ocrx_word' id='word_1_191' title='bbox 169 3079 316 3164; x_wconf 89' lang='lat' dir='ltr'><strong>populos,</strong></span> <span class='ocrx_word' id='word_1_192' title='bbox 349 3081 387 3143; x_wconf 91' lang='lat' dir='ltr'><strong>ut</strong></span> <span class='ocrx_word' id='word_1_193' title='bbox 413 3076 567 3144; x_wconf 88' lang='lat' dir='ltr'><strong>credenda</strong></span> <span class='ocrx_word' id='word_1_194' title='bbox 598 3076 834 3161; x_wconf 87' lang='lat' dir='ltr'><strong>persuaderent,</strong></span> <span class='ocrx_word' id='word_1_195' title='bbox 866 3078 966 3148; x_wconf 88' lang='lat' dir='ltr'><strong>donec</strong></span> <span class='ocrx_word' id='word_1_196' title='bbox 997 3078 1037 3143; x_wconf 88' lang='lat' dir='ltr'><strong>ud</strong></span> <span class='ocrx_word' id='word_1_197' title='bbox 1069 3097 1143 3144; x_wconf 88' lang='lat' dir='ltr'><strong>eum</strong></span> <span class='ocrx_word' id='word_1_198' title='bbox 1174 3077 1318 3143; x_wconf 88' lang='lat' dir='ltr'><strong>habitum</strong></span> 
     </span>
    </p>

    <p class='ocr_par' dir='ltr' id='par_1_8' title="bbox 32 3182 1318 3280">
     <span class='ocr_line' id='line_1_26' title="bbox 32 3182 1318 3280; baseline 0 -33"><span class='ocrx_word' id='word_1_199' title='bbox 32 3271 35 3280; x_wconf 28' lang='grc' dir='ltr'>Ι</span> <span class='ocrx_word' id='word_1_200' title='bbox 115 3184 395 3267; x_wconf 82' lang='lat' dir='ltr'><strong>asperdueeretur</strong></span> <span class='ocrx_word' id='word_1_201' title='bbox 421 3184 643 3266; x_wconf 66' lang='lat' dir='ltr'><strong>animaeque</strong></span> <span class='ocrx_word' id='word_1_202' title='bbox 670 3183 735 3249; x_wconf 90' lang='lat' dir='ltr'><strong>ista</strong></span> <span class='ocrx_word' id='word_1_203' title='bbox 762 3184 940 3267; x_wconf 90' lang='lat' dir='ltr'><strong>capiuntur,</strong></span> <span class='ocrx_word' id='word_1_204' title='bbox 969 3183 1133 3275; x_wconf 74' lang='lat' dir='ltr'><strong>elegerurpt</strong></span> <span class='ocrx_word' id='word_1_205' title='bbox 1159 3182 1318 3250; x_wconf 85' lang='lat' dir='ltr'><strong>occultare</strong></span> 
     </span>
    </p>

    <p class='ocr_par' dir='ltr' id='par_1_9' title="bbox 169 3287 1318 3373">
     <span class='ocr_line' id='line_1_27' title="bbox 169 3287 1318 3373; baseline -0.003 -16"><span class='ocrx_word' id='word_1_206' title='bbox 169 3290 361 3357; x_wconf 87' lang='lat' dir='ltr'><strong>sententiam</strong></span> <span class='ocrx_word' id='word_1_207' title='bbox 394 3309 485 3355; x_wconf 88' lang='lat' dir='ltr'><strong>suam</strong></span> <span class='ocrx_word' id='word_1_208' title='bbox 514 3291 547 3355; x_wconf 90' lang='lat' dir='ltr'><strong>et</strong></span> <span class='ocrx_word' id='word_1_209' title='bbox 574 3291 684 3356; x_wconf 77' lang='lat' dir='ltr'><strong>contm</strong></span> <span class='ocrx_word' id='word_1_210' title='bbox 710 3308 766 3356; x_wconf 90' lang='lat' dir='ltr'><strong>eos</strong></span> <span class='ocrx_word' id='word_1_211' title='bbox 794 3289 959 3368; x_wconf 83' lang='lat' dir='ltr'><strong>disserere,</strong></span> <span class='ocrx_word' id='word_1_212' title='bbox 988 3290 1047 3373; x_wconf 88' lang='lat' dir='ltr'><strong>qui</strong></span> <span class='ocrx_word' id='word_1_213' title='bbox 1070 3307 1184 3355; x_wconf 87' lang='lat' dir='ltr'><strong>nerum</strong></span> <span class='ocrx_word' id='word_1_214' title='bbox 1211 3307 1246 3353; x_wconf 84' lang='lat' dir='ltr'><strong>aa</strong></span> <span class='ocrx_word' id='word_1_215' title='bbox 1272 3287 1318 3353; x_wconf 93' lang='lat' dir='ltr'><strong>in·</strong></span> 
     </span>
    </p>

    <p class='ocr_par' dir='ltr' id='par_1_10' title="bbox 168 3394 1317 3694">
     <span class='ocr_line' id='line_1_28' title="bbox 169 3394 1317 3480; baseline 0.001 -19"><span class='ocrx_word' id='word_1_216' title='bbox 169 3395 297 3462; x_wconf 87' lang='lat' dir='ltr'><strong>uenisse</strong></span> <span class='ocrx_word' id='word_1_217' title='bbox 319 3396 484 3474; x_wconf 87' lang='lat' dir='ltr'><strong>lactarent,</strong></span> <span class='ocrx_word' id='word_1_218' title='bbox 508 3415 582 3462; x_wconf 89' lang='lat' dir='ltr'><strong>cum</strong></span> <span class='ocrx_word' id='word_1_219' title='bbox 608 3395 825 3462; x_wconf 89' lang='lat' dir='ltr'><strong>inuentionem</strong></span> <span class='ocrx_word' id='word_1_220' title='bbox 848 3396 951 3480; x_wconf 86' lang='lat' dir='ltr'><strong>ipsam</strong></span> <span class='ocrx_word' id='word_1_221' title='bbox 975 3395 1043 3461; x_wconf 89' lang='lat' dir='ltr'><strong>ueri</strong></span> <span class='ocrx_word' id='word_1_222' title='bbox 1065 3395 1097 3462; x_wconf 91' lang='lat' dir='ltr'><strong>in</strong></span> <span class='ocrx_word' id='word_1_223' title='bbox 1121 3394 1224 3461; x_wconf 88' lang='lat' dir='ltr'><strong>carnis</strong></span> <span class='ocrx_word' id='word_1_224' title='bbox 1247 3413 1317 3462; x_wconf 89' lang='lat' dir='ltr'><strong>seu·</strong></span> 
     </span>
     <span class='ocr_line' id='line_1_29' title="bbox 169 3495 1317 3588; baseline -0.002 -21"><span class='ocrx_word' id='word_1_225' title='bbox 169 3503 259 3569; x_wconf 83' lang='lat' dir='ltr'><strong>sibus</strong></span> <span class='ocrx_word' id='word_1_226' title='bbox 297 3503 463 3587; x_wconf 77' lang='lat' dir='ltr'><strong>ponerent</strong></span> <span class='ocrx_word' id='word_1_227' title='bbox 497 3504 530 3568; x_wconf 90' lang='lat' dir='ltr'><strong>at</strong></span> <span class='ocrx_word' id='word_1_228' title='bbox 567 3521 677 3568; x_wconf 89' lang='lat' dir='ltr'><strong>eorum</strong></span> <span class='ocrx_word' id='word_1_229' title='bbox 714 3502 841 3586; x_wconf 89' lang='lat' dir='ltr'><strong>quidem</strong></span> <span class='ocrx_word' id='word_1_230' title='bbox 875 3495 1045 3569; x_wconf 85' lang='lat' dir='ltr'><strong>eonsilium</strong></span> <span class='ocrx_word' id='word_1_231' title='bbox 1081 3501 1176 3588; x_wconf 80' lang='lat' dir='ltr'><strong>quale</strong></span> <span class='ocrx_word' id='word_1_232' title='bbox 1211 3500 1317 3577; x_wconf 82' lang='lat' dir='ltr'><strong>luerit,</strong></span> 
     </span>
     <span class='ocr_line' id='line_1_30' title="bbox 168 3608 1317 3694; baseline -0.002 -20"><span class='ocrx_word' id='word_1_233' title='bbox 168 3608 245 3693; x_wconf 87' lang='lat' dir='ltr'><strong>qnid</strong></span> <span class='ocrx_word' id='word_1_234' title='bbox 269 3609 392 3675; x_wconf 88' lang='lat' dir='ltr'><strong>adtinet</strong></span> <span class='ocrx_word' id='word_1_235' title='bbox 410 3612 581 3694; x_wconf 74' lang='lat' dir='ltr'><strong>quaereret</strong></span> <span class='ocrx_word' id='word_1_236' title='bbox 606 3609 750 3675; x_wconf 90' lang='lat' dir='ltr'><strong>diuinum</strong></span> <span class='ocrx_word' id='word_1_237' title='bbox 769 3614 854 3677; x_wconf 91' lang='lat' dir='ltr'><strong>certe</strong></span> <span class='ocrx_word' id='word_1_238' title='bbox 878 3610 932 3675; x_wconf 90' lang='lat' dir='ltr'><strong>uel</strong></span> <span class='ocrx_word' id='word_1_239' title='bbox 951 3609 1058 3675; x_wconf 86' lang='lat' dir='ltr'><strong>diuina</strong></span> <span class='ocrx_word' id='word_1_240' title='bbox 1081 3609 1188 3694; x_wconf 85' lang='lat' dir='ltr'><strong>aliqua</strong></span> <span class='ocrx_word' id='word_1_241' title='bbox 1209 3610 1317 3673; x_wconf 87' lang='lat' dir='ltr'><strong>aucto·</strong></span> 
     </span>
    </p>
   </div>
   <div class='ocr_carea' id='block_1_3' title="bbox 166 3808 1319 4417">
    <p class='ocr_par' dir='ltr' id='par_1_11' title="bbox 166 3808 1319 4150">
     <span class='ocr_line' id='line_1_31' title="bbox 205 3808 1319 3872; baseline 0.004 -5"><span class='ocrx_word' id='word_1_242' title='bbox 205 3812 375 3872; x_wconf 77' lang='lat' dir='ltr'><strong>ldlseereut</strong></span> <span class='ocrx_word' id='word_1_243' title='bbox 391 3811 454 3868; x_wconf 76' lang='lat' dir='ltr'><strong>Me</strong></span> <span class='ocrx_word' id='word_1_244' title='bbox 522 3813 703 3869; x_wconf 76' lang='lat' dir='ltr'><strong>detultorum</strong></span> <span class='ocrx_word' id='word_1_245' title='bbox 722 3808 918 3869; x_wconf 81' lang='lat' dir='ltr'><strong>abundantiam</strong></span> <span class='ocrx_word' id='word_1_246' title='bbox 936 3828 988 3870; x_wconf 80' lang='lat' dir='ltr'><strong>ese.</strong></span> <span class='ocrx_word' id='word_1_247' title='bbox 1008 3814 1035 3868; x_wconf 77' lang='lat' dir='ltr'><strong><em>A</em></strong></span> <span class='ocrx_word' id='word_1_248' title='bbox 1105 3815 1264 3871; x_wconf 69' lang='lat' dir='ltr'><strong>ldebitem</strong></span> <span class='ocrx_word' id='word_1_249' title='bbox 1281 3815 1319 3870; x_wconf 80' lang='grc' dir='ltr'><em>Μ</em></span> 
     </span>
     <span class='ocr_line' id='line_1_32' title="bbox 167 3900 1314 3973; baseline 0.002 -18"><span class='ocrx_word' id='word_1_250' title='bbox 167 3900 390 3972; x_wconf 67' lang='lat' dir='ltr'><strong>bertradanem</strong></span> <span class='ocrx_word' id='word_1_251' title='bbox 409 3901 509 3956; x_wconf 87' lang='lat' dir='ltr'><strong>habere</strong></span> <span class='ocrx_word' id='word_1_252' title='bbox 527 3901 587 3957; x_wconf 83' lang='lat' dir='ltr'><strong>edd.</strong></span> <span class='ocrx_word' id='word_1_253' title='bbox 662 3903 693 3957; x_wconf 93' lang='lat' dir='ltr'><strong>ll</strong></span> <span class='ocrx_word' id='word_1_254' title='bbox 714 3901 861 3973; x_wconf 82' lang='lat' dir='ltr'><strong>aliquando</strong></span> <span class='ocrx_word' id='word_1_255' title='bbox 880 3902 940 3958; x_wconf 85' lang='lat' dir='ltr'><strong>lulli</strong></span> <span class='ocrx_word' id='word_1_256' title='bbox 959 3902 987 3956; x_wconf 83' lang='lat' dir='ltr'><em>R</em></span> <span class='ocrx_word' id='word_1_257' title='bbox 1055 3903 1089 3959; x_wconf 82' lang='lat' dir='ltr'><strong>lt</strong></span> <span class='ocrx_word' id='word_1_258' title='bbox 1107 3903 1227 3966; x_wconf 69' lang='lat' dir='ltr'><strong>auderet,</strong></span> <span class='ocrx_word' id='word_1_259' title='bbox 1246 3918 1314 3958; x_wconf 82' lang='lat' dir='ltr'><strong>cerr.</strong></span> 
     </span>
     <span class='ocr_line' id='line_1_33' title="bbox 166 3981 1314 4063; baseline -0.001 -20"><span class='ocrx_word' id='word_1_260' title='bbox 166 3993 227 4044; x_wconf 70' lang='grc' dir='ltr'><strong><em>Μ</em></strong></span> <span class='ocrx_word' id='word_1_261' title='bbox 245 3989 353 4044; x_wconf 83' lang='lat' dir='ltr'><strong>audiret</strong></span> <span class='ocrx_word' id='word_1_262' title='bbox 370 3990 399 4044; x_wconf 91' lang='lat' dir='ltr'><em>P</em></span> <span class='ocrx_word' id='word_1_263' title='bbox 485 3990 513 4045; x_wconf 87' lang='lat' dir='ltr'><strong>in</strong></span> <span class='ocrx_word' id='word_1_264' title='bbox 532 3989 708 4062; x_wconf 80' lang='lat' dir='ltr'><strong>sapientium]</strong></span> <span class='ocrx_word' id='word_1_265' title='bbox 728 3981 916 4063; x_wconf 83' lang='lat' dir='ltr'><strong>insipientium</strong></span> <span class='ocrx_word' id='word_1_266' title='bbox 934 3991 1038 4047; x_wconf 77' lang='lat' dir='ltr'><strong><em>MP¹V</em></strong></span> <span class='ocrx_word' id='word_1_267' title='bbox 1126 3993 1161 4048; x_wconf 77' lang='lat' dir='ltr'><strong>ld</strong></span> <span class='ocrx_word' id='word_1_268' title='bbox 1179 3990 1314 4052; x_wconf 66' lang='lat' dir='ltr'><strong>olfatu-‚li</strong></span> 
     </span>
     <span class='ocr_line' id='line_1_34' title="bbox 166 4076 1316 4150; baseline 0.003 -17"><span class='ocrx_word' id='word_1_269' title='bbox 166 4076 251 4148; x_wconf 69' lang='lat' dir='ltr'><strong>erue)</strong></span> <span class='ocrx_word' id='word_1_270' title='bbox 272 4077 301 4130; x_wconf 69' lang='lat' dir='ltr'><strong><em>V</em></strong></span> <span class='ocrx_word' id='word_1_271' title='bbox 387 4078 434 4133; x_wconf 77' lang='lat' dir='ltr'><strong>uel·</strong></span> <span class='ocrx_word' id='word_1_272' title='bbox 450 4083 533 4148; x_wconf 75' lang='lat' dir='ltr'><strong>gustu</strong></span> <span class='ocrx_word' id='word_1_273' title='bbox 550 4078 608 4136; x_wconf 75' lang='grc' dir='ltr'><strong>ΡΥ</strong></span> <span class='ocrx_word' id='word_1_274' title='bbox 622 4094 711 4150; x_wconf 85' lang='lat' dir='ltr'><strong>neque</strong></span> <span class='ocrx_word' id='word_1_275' title='bbox 729 4078 860 4150; x_wconf 75' lang='lat' dir='ltr'><strong>gustuR</strong></span> <span class='ocrx_word' id='word_1_276' title='bbox 950 4080 984 4135; x_wconf 80' lang='lat'><strong>18</strong></span> <span class='ocrx_word' id='word_1_277' title='bbox 1002 4078 1080 4138; x_wconf 75' lang='lat' dir='ltr'><strong>ldie</strong></span> <span class='ocrx_word' id='word_1_278' title='bbox 1100 4081 1268 4139; x_wconf 61' lang='lat' dir='ltr'><strong>timeon.</strong></span> <span class='ocrx_word' id='word_1_279' title='bbox 1287 4080 1316 4136; x_wconf 82' lang='lat' dir='ltr'><em>R</em></span> 
     </span>
    </p>

    <p class='ocr_par' dir='ltr' id='par_1_12' title="bbox 166 4164 1317 4417">
     <span class='ocr_line' id='line_1_35' title="bbox 203 4164 1315 4239; baseline 0.003 -21"><span class='ocrx_word' id='word_1_280' title='bbox 203 4179 296 4221; x_wconf 87' lang='lat' dir='ltr'><strong>uerum</strong></span> <span class='ocrx_word' id='word_1_281' title='bbox 309 4164 364 4221; x_wconf 84' lang='lat' dir='ltr'><strong>PB</strong></span> <span class='ocrx_word' id='word_1_282' title='bbox 419 4168 453 4222; x_wconf 83' lang='lat'><strong>19</strong></span> <span class='ocrx_word' id='word_1_283' title='bbox 472 4167 542 4237; x_wconf 80' lang='lat' dir='ltr'><strong>quis,</strong></span> <span class='ocrx_word' id='word_1_284' title='bbox 561 4170 627 4223; x_wconf 72' lang='lat' dir='ltr'><strong>aas</strong></span> <span class='ocrx_word' id='word_1_285' title='bbox 644 4182 713 4222; x_wconf 80' lang='lat' dir='ltr'><strong>corr.</strong></span> <span class='ocrx_word' id='word_1_286' title='bbox 731 4167 790 4223; x_wconf 75' lang='lat' dir='ltr'><strong>sid.</strong></span> <span class='ocrx_word' id='word_1_287' title='bbox 809 4167 934 4239; x_wconf 78' lang='lat' dir='ltr'><strong>npodP¹</strong></span> <span class='ocrx_word' id='word_1_288' title='bbox 953 4168 1027 4239; x_wconf 84' lang='lat' dir='ltr'><strong>quod</strong></span> <span class='ocrx_word' id='word_1_289' title='bbox 1044 4168 1072 4222; x_wconf 85' lang='lat' dir='ltr'><strong><em>V</em></strong></span> <span class='ocrx_word' id='word_1_290' title='bbox 1122 4169 1157 4224; x_wconf 81' lang='lat'><strong>20</strong></span> <span class='ocrx_word' id='word_1_291' title='bbox 1177 4166 1315 4239; x_wconf 76' lang='lat' dir='ltr'><strong>quiam</strong></span> 
     </span>
     <span class='ocr_line' id='line_1_36' title="bbox 167 4254 1317 4330; baseline 0.001 -21"><span class='ocrx_word' id='word_1_292' title='bbox 167 4255 190 4321; x_wconf 91' lang='lat' dir='ltr'><strong>(i</strong></span> <span class='ocrx_word' id='word_1_293' title='bbox 206 4256 352 4322; x_wconf 70' lang='lat' dir='ltr'><strong>semiruta)</strong></span> <span class='ocrx_word' id='word_1_294' title='bbox 366 4254 395 4310; x_wconf 82' lang='lat' dir='ltr'><em>R</em></span> <span class='ocrx_word' id='word_1_295' title='bbox 439 4255 475 4311; x_wconf 79' lang='lat'><strong>22</strong></span> <span class='ocrx_word' id='word_1_296' title='bbox 493 4256 614 4322; x_wconf 86' lang='lat' dir='ltr'><strong>sentiret,</strong></span> <span class='ocrx_word' id='word_1_297' title='bbox 633 4269 703 4312; x_wconf 73' lang='lat' dir='ltr'><strong>cerr.</strong></span> <span class='ocrx_word' id='word_1_298' title='bbox 722 4262 783 4313; x_wconf 72' lang='lat' dir='ltr'><strong>sm</strong></span> <span class='ocrx_word' id='word_1_299' title='bbox 795 4258 930 4314; x_wconf 84' lang='lat' dir='ltr'><strong>sentirent</strong></span> <span class='ocrx_word' id='word_1_300' title='bbox 943 4257 980 4313; x_wconf 77' lang='lat' dir='ltr'><em>M</em></span> <span class='ocrx_word' id='word_1_301' title='bbox 1021 4258 1058 4314; x_wconf 82' lang='lat'><strong>24</strong></span> <span class='ocrx_word' id='word_1_302' title='bbox 1075 4256 1254 4330; x_wconf 84' lang='lat' dir='ltr'><strong>possiderent,</strong></span> <span class='ocrx_word' id='word_1_303' title='bbox 1269 4256 1317 4311; x_wconf 86' lang='lat' dir='ltr'><strong>sed</strong></span> 
     </span>
     <span class='ocr_line' id='line_1_37' title="bbox 166 4343 1317 4417; baseline 0.001 -20"><span class='ocrx_word' id='word_1_304' title='bbox 166 4343 293 4398; x_wconf 79' lang='lat' dir='ltr'><strong>astares</strong></span> <span class='ocrx_word' id='word_1_305' title='bbox 312 4345 339 4396; x_wconf 75' lang='lat' dir='ltr'><strong><em>A</em></strong></span> <span class='ocrx_word' id='word_1_306' title='bbox 411 4344 447 4400; x_wconf 79' lang='lat'><strong>25</strong></span> <span class='ocrx_word' id='word_1_307' title='bbox 465 4344 605 4416; x_wconf 74' lang='lat' dir='ltr'><strong>elegerent</strong></span> <span class='ocrx_word' id='word_1_308' title='bbox 621 4344 703 4417; x_wconf 76' lang='lat' dir='ltr'><strong>(sici)</strong></span> <span class='ocrx_word' id='word_1_309' title='bbox 723 4347 750 4399; x_wconf 78' lang='lat' dir='ltr'><em>A</em></span> <span class='ocrx_word' id='word_1_310' title='bbox 817 4347 853 4404; x_wconf 77' lang='grc'><strong>26</strong></span> <span class='ocrx_word' id='word_1_311' title='bbox 872 4347 997 4411; x_wconf 84' lang='lat' dir='ltr'><strong>sentiam,</strong></span> <span class='ocrx_word' id='word_1_312' title='bbox 1016 4350 1082 4402; x_wconf 61' lang='grc' dir='ltr'><em>Μ</em></span> <span class='ocrx_word' id='word_1_313' title='bbox 1099 4346 1263 4402; x_wconf 83' lang='lat' dir='ltr'><strong>sententiam</strong></span> <span class='ocrx_word' id='word_1_314' title='bbox 1281 4343 1317 4398; x_wconf 78' lang='grc' dir='ltr'><em>Μ</em></span> 
     </span>
    </p>
   </div>
   <div class='ocr_carea' id='block_1_4' title="bbox 0 0 1660 4867">
    <p class='ocr_par' dir='ltr' id='par_1_13' title="bbox 0 0 1660 4867">
     <span class='ocr_line' id='line_1_38' title="bbox 0 0 1660 4867; baseline 0 2"><span class='ocrx_word' id='word_1_315' title='bbox 0 0 1660 4867; x_wconf 95' lang='lat' dir='ltr'><strong> </strong></span> 
     </span>
    </p>
   </div>
  </div>
 </body>
</html>
