3309 4867
242 367 308 433 330
595 366 622 421 S.
650 365 789 422 Aureli
814 366 1034 439 Augustini

241 561 453 643 praemonuit,
476 564 584 628 eontra
597 551 770 628 'hominum
793 562 948 629 maledica
974 562 1157 647 uaniloquia
1179 562 1394 648 suspiciones-

243 685 305 748 que
327 667 511 733 temerarias
535 667 629 734 eorde
652 667 925 735 christianissime
949 668 1111 754 cogitetis.

199 773 218 836 2
287 773 434 839 Breuiter
458 775 568 857 itaque
591 773 666 841 'dieo
694 774 821 839 earitati
848 778 974 841 nestrae
1001 773 1199 841 Bonifatium
1229 773 1394 859 presbyte-

243 898 314 943 rum
343 879 374 945 in
402 879 491 946 nullo
519 880 650 947 erimine
677 880 762 965 apud
789 901 841 946 me
869 882 971 949 luisse
994 881 1169 958 nemetum
1191 900 1392 966 nequaqnam

243 1004 294 1050 me
317 985 357 1051 de
378 987 436 1052 illo
459 990 523 1052 tale
546 987 667 1072 aliquid
690 987 864 1054 credidisse
886 989 941 1054 uel
960 988 1098 1055 eredere.
1121 1008 1185 1090 qup
1204 989 1299 1056 mede
1318 1008 1393 1075 ergo
1429 1009 1445 1051 e

243 1091 386 1174 iuberem
413 1092 452 1159 de
479 1113 610 1160 numere
638 1094 893 1178 presbyterorum
922 1114 1036 1161 nemen
1066 1095 1135 1161 eins
1158 1095 1276 1162 auferri
1297 1095 1394 1161 nahe
1413 1125 1441 1184 g

243 1206 366 1270 menter
383 1204 518 1268 tenente
536 1201 713 1287 euangelio,
733 1202 790 1267 nbi
812 1200 960 1285 dominus
984 1201 1043 1268 ait:
1067 1203 1110 1267 ln
1134 1221 1210 1286 quo
1233 1202 1393 1268 iudicio

243 1308 552 1385 iudieaueritie‚
590 1307 904 1375 indicabimini?
942 1328 1016 1375 enm
1053 1310 1138 1374 enim
1171 1328 1279 1387 musa,
1312 1328 1394 1392 qnae

243 1416 327 1482 inter
351 1414 446 1483 illum
472 1416 506 1480 et
528 1413 625 1499 Spem
652 1418 760 1480 exorta
788 1417 849 1491 est,
877 1415 937 1481 snb
961 1416 1071 1481 diuino
1095 1414 1236 1482 examine
1259 1414 1395 1499 pendeat

244 1520 421 1587 seeundum
448 1520 602 1603 placitum
631 1539 750 1598 eorum,
780 1521 866 1604 qnod
893 1520 997 1597 nebia,
1021 1521 1050 1587 ei
1072 1521 1254 1600 uolueritis,
1275 1521 1445 1604 poteritne

243 1625 381 1706 redituri,
408 1627 480 1710 quis
508 1646 568 1713 ego
597 1647 679 1706 sum,
702 1630 741 1692 ut
764 1628 898 1692 audeam
921 1628 973 1693 dei
996 1628 1181 1713 praeuenire
1203 1627 1394 1694 sententiam

244 1736 276 1799 in
304 1732 438 1800 delendo
467 1733 519 1799 uel
549 1734 773 1818 supprimendo
804 1734 1036 1814 dannomine,
1060 1734 1099 1799 de
1123 1753 1186 1818 qne
1209 1754 1268 1800 nee
1289 1733 1400 1818 snspi4

233 1825 309 1906 weati
333 1842 454 1905 temere
480 1839 558 1905 mali
584 1839 706 1928 aliquid
733 1840 903 1924 episeopus
931 1841 1029 1907 debui
1056 1860 1115 1907 nee
1142 1839 1282 1906 dilucide
1314 1840 1394 1905 iudi·

244 1964 315 2013 care
341 1945 438 2012 homo
467 1945 505 2012 de
533 1946 668 2012 occultis
697 1947 864 2013 hominum
891 1948 993 2030 potui,
1023 1966 1095 2014 eum
1123 1947 1156 2012 in
1183 1946 1264 2031 ipsis
1288 1946 1394 2012 nausis

244 2052 473 2137 modulatibus,
491 2054 616 2137 quando
635 2052 675 2117 ad
692 2054 847 2119 maiorem
864 2057 1058 2138 potestatem
1075 2053 1210 2119 refertur
1228 2051 1394 2118 arbitrium
1416 2075 1445 2138 re

244 2156 416 2238 iudicandi,
439 2158 651 2238 manentibus,
674 2158 771 2224 sicuti
794 2163 893 2236 eraut,
918 2160 1065 2225 omnibns
1088 2159 1185 2226 rebus
1213 2160 1396 2243 expectetur

243 2264 314 2330 illa-
331 2266 499 2340 sententia,
531 2264 615 2331 unde
646 2264 709 2330 iam
742 2284 803 2331 nnn
835 2266 932 2332 lineat
962 2264 1141 2350 prouocati,
1168 2285 1208 2332 ne
1235 2263 1393 2349 superiori

245 2368 402 2456 cognitori
429 2369 496 2440 tiatj
512 2370 637 2451 iniuria,
666 2370 693 2436 ei
723 2371 793 2437 eius
819 2370 976 2456 pendente
997 2371 1122 2437 wiudidio
1151 2370 1274 2466 aliquid
1295 2370 1418 2440 fuerit,

212 2481 216 2486 ’
245 2477 500 2541 commutatum?
532 2479 566 2541 et
596 2475 708 2559 utique
740 2476 879 2543 multum
912 2478 1046 2543 interest
1077 2476 1160 2546 inter
1190 2477 1331 2542 diuinam
1364 2480 1398 2542 et

246 2583 416 2649 humanam
448 2582 625 2667 quamlibet
660 2583 909 2658 excelsissimam
945 2585 1164 2667 potestatem·
1188 2583 1310 2649 demini
1346 2583 1397 2648 dei
1415 2601 1447 2644 ao

246 2689 346 2755 nestri
370 2689 586 2757 misericordie
607 2707 781 2773 numquam
802 2710 863 2757 nos
887 2690 1023 2770 deserat,
1051 2692 1171 2758 domini
1194 2689 1397 2761 dilectissimi

245 2799 279 2862 et
294 2795 473 2862 'nenerandi
495 2796 620 2863 frenes

335 2986 351 3039 7
370 2986 467 3041 natm.
487 2987 511 3052 7,
530 2988 548 3042 2
664 3015 666 3018 ’

281 3109 523 3182 dpraerbiteriurn
541 3110 580 3166 P¹
621 3112 798 3167 deriminnm
817 3112 844 3166 A
898 3112 984 3167 suisne
1002 3111 1076 3195 apud
1095 3127 1138 3166 me
1155 3111 1210 3190 M⁴
1245 3110 1396 3173 detentum.
1435 3177 1438 3184 .
1474 3124 1477 3128 ’

245 3203 312 3254 m
327 3199 443 3269 ereprad
460 3199 598 3255 detectum
611 3201 641 3256 P
709 3217 889 3272 nequaquam,
907 3205 974 3257 aad
992 3205 1023 3256 et
1039 3217 1211 3272 nequaquem
1224 3199 1263 3255 Ρί
1318 3203 1335 3256 5
1352 3216 1397 3256 me

246 3304 298 3344 ear.
317 3287 356 3343 Μ
424 3288 527 3359 aliquid
545 3289 602 3344 tale
619 3289 649 3345 R
713 3290 881 3346 duelnenter
898 3289 930 3345 F
999 3289 1148 3345 aemon·
1164 3289 1193 3344 P
1209 3288 1240 3356 (h
1258 3292 1341 3356 erae.)

249 3378 278 3432 ll
300 3376 417 3442 audiam,
434 3379 500 3431 Μ
518 3377 632 3433 auderm
649 3378 678 3433 P
747 3380 873 3442 seutiam.
891 3382 959 3434 Μ
975 3379 1139 3433 sententiam
1159 3375 1196 3431 P¹
1279 3378 1314 3432 12
1332 3376 1396 3432 inde

245 3464 327 3519 lende
346 3464 374 3518 A
444 3481 495 3520 nee
512 3466 616 3524 emi
666 3467 858 3538 lssmnlilali
878 3467 1110 3525 enrr.m.1muli
1128 3465 1159 3521 F
1174 3465 1278 3521 uliuM
1349 3464 1396 3519 de·

245 3552 335 3609 lucide
351 3553 441 3609 rm
522 3557 556 3611 14
574 3555 707 3612 hoeeultis
726 3557 756 3624 (in
775 3563 847 3626 exp.)
866 3556 897 3612 F
965 3557 993 3611 in
1013 3572 1065 3612 em.
1084 3555 1112 3610 P
1182 3554 1272 3610 uaueia
1289 3553 1399 3610 em(

249 3643 282 3698 16
299 3643 387 3699 aeanti
406 3643 442 3698 M
492 3644 528 3699 20
545 3644 759 3716 humaname(q;
778 3650 861 3715 erae.)
878 3645 916 3701 M
969 3642 1243 3699 ardenniam
