3309 4867
1119 169 1131 222 l

293 400 357 464 694
651 398 679 451 S.
706 396 844 450 Aureli
871 396 1088 467 Augustini

239 587 278 650 31
336 592 372 655 In
410 592 525 675 quibus
562 591 710 656 omnibus
748 572 966 654 deliramenda
1003 589 1088 655 haee
1118 590 1315 673 opinantium
1356 590 1437 656 illud

290 697 458 780 praecipue
486 696 657 762 dolendum
681 699 741 774 eet,
768 695 855 780 quod
881 714 942 761 non
971 696 1093 761 suffieit
1114 696 1259 772 ananan,
1287 700 1325 761 ut
1349 695 1443 762 nulla·

292 804 480 886 cuiusquam
509 803 723 887 disputatione
755 803 942 868 aduersante
974 805 1174 885 respuantur,
1206 802 1263 868 aed
1290 803 1438 869 acutissi-

290 929 416 995 morum
438 909 602 976 hominum
627 909 754 995 ingenia
779 908 813 973 id
837 910 933 974 etiam
961 909 1126 994 negotium
1154 913 1372 994 susceperunt,
1400 912 1438 974 ut

291 1017 419 1099 copiose
441 1017 505 1080 ista
526 1016 715 1094 refellerent,
739 1034 819 1099 quae
843 1015 953 1087 statim
977 1015 1061 1081 dicta
1085 1015 1180 1081 etiam
1203 1035 1223 1079 a
1244 1015 1437 1081 tardissimis
1467 1038 1482 1079 a

291 1123 423 1189 derideri
448 1122 592 1206 abicique
615 1123 802 1188 debuerunt.
836 1122 864 1186 si
888 1121 972 1186 enim
996 1121 1190 1188 concesseris
1214 1141 1285 1187 asae
1310 1121 1436 1195 atomis,

291 1231 318 1294 ai
352 1230 545 1295 concesseris
580 1216 675 1293 etiarn
708 1247 864 1295 concursu
896 1226 1026 1294 fortuito
1064 1247 1098 1292 se
1133 1228 1220 1311 ipsas
1256 1227 1379 1311 pellere
1406 1233 1438 1291 et

291 1337 422 1421 agitare,
458 1354 534 1400 num
567 1338 600 1401 et
631 1335 712 1401 illud
745 1336 792 1401 eie
828 1336 877 1400 fae
915 1339 965 1401 est
996 1334 1177 1415 concedere,
1213 1338 1251 1400 ut
1286 1335 1368 1400 inter
1403 1353 1437 1400 se

196 1475 200 1481 ·
291 1443 391 1508 atomi
421 1443 553 1512 fortuito
585 1445 822 1508 concurrentes·
841 1462 907 1507 rem
940 1442 1079 1525 aliquam
1112 1443 1159 1507 ita
1190 1442 1367 1522 conficiant,
1400 1447 1438 1506 ut

290 1570 360 1614 eam
382 1549 483 1615 forma
505 1548 698 1626 modificent,
722 1548 823 1633 figura
846 1548 1066 1626 determinent,
1089 1548 1281 1632 aequalitate
1303 1548 1436 1633 poliant,
1457 1569 1482 1612 m

290 1658 394 1723 colore
426 1658 605 1733 inlustrant,
638 1655 742 1720 anima
773 1658 945 1739 uegetent?
976 1674 1057 1738 quae
1085 1656 1191 1720 omnia
1221 1655 1310 1720 nullo
1341 1653 1436 1719 modo

289 1764 358 1829 nisi'
371 1768 437 1829 arte
456 1763 582 1829 diuinae
605 1761 823 1846 prouidentiae
842 1761 909 1826 lieri
927 1762 1026 1839 uidet,
1046 1761 1191 1845 quisquis
1209 1761 1313 1846 magis
1332 1763 1437 1826 mente

290 1889 385 1953 quam
412 1869 513 1935 ocnlia
541 1873 628 1934 amat
653 1868 761 1934 uidere
788 1866 885 1950 idque
912 1868 951 1933 ab
979 1887 1016 1934 eo
1046 1853 1173 1952 e'rpetit,
1201 1888 1306 1951 aquo
1334 1867 1436 1933 iactas

289 1982 348 2045 est.
377 1995 450 2042 nam
473 1995 531 2042 uec
553 1976 640 2059 ipsae
663 1980 787 2042 atomos
811 1995 883 2042 ease
906 1976 972 2042 ullo
1000 1975 1095 2041 modo
1118 1975 1353 2041 eoncedendum
1376 1980 1454 2052 est,-

290 2082 374 2166 quod
398 2082 517 2148 omissa
543 2081 731 2160 subtilitate,
756 2101 836 2165 quae
860 2082 898 2147 de
922 2081 1079 2147 diuisione
1102 2099 1268 2165 corporum
1292 2101 1310 2146 a
1333 2074 1436 2147 doctis
1457 2107 1482 2148 rs

289 2188 434 2267 traditur,
458 2188 531 2254 uide
551 2207 646 2271 quam
664 2188 758 2254 facile
782 2188 955 2253 secundum
975 2189 1116 2270 ipsorum
1136 2188 1314 2271 opinionem
1333 2189 1436 2273 possit

290 2295 424 2361 ostendi.
462 2298 545 2360 certe
579 2296 661 2360 enim
698 2295 761 2379 ipsi
793 2294 903 2360 dicunt
935 2296 1051 2370 omnia,
1083 2311 1163 2377 quae
1200 2274 1264 2359 sint
1294 2299 1434 2372 naturae,

289 2402 368 2467 nihil
392 2421 461 2466 esse
485 2402 571 2467 aliud
595 2421 691 2485 qnam
714 2381 846 2484 corpora
869 2403 902 2465 st
923 2401 1014 2466 inane
1038 2419 1181 2485 quaeque
1207 2400 1257 2466 hia
1281 2402 1434 2482 accidant,

289 2508 374 2590 quod
397 2507 490 2574 credo
514 2501 637 2574 motum
662 2513 694 2573 et
719 2508 850 2592 pulsum
874 2507 977 2572 dicere
1001 2510 1034 2573 et
1056 2510 1282 2592 consequentes
1305 2508 1433 2574 formas.

289 2616 398 2679 dicant
419 2629 503 2698 erge
531 2615 562 2678 in
587 2634 649 2697 quo
679 2633 793 2699 genere
822 2619 942 2697 ponant
967 2614 1134 2697 imagines,
1162 2633 1241 2697 quas
1256 2608 1303 2679 'de
1326 2635 1433 2698 corpo·
1452 2642 1479 2682 ro

288 2724 375 2787 ribus
399 2722 604 2788 solidioribus
623 2721 759 2787 adfluere
782 2724 897 2804 putant
918 2721 1006 2804 ips'aa
1024 2721 1155 2786 minime
1178 2721 1308 2796 solidas,
1330 2722 1435 2786 itaut

288 2833 377 2894 tactu
400 2828 460 2893 nisi
485 2830 660 2905 oculorum,
684 2847 757 2893 cum
779 2827 939 2906 uidemus,
963 2830 996 2892 et
1017 2827 1124 2904 animi,
1147 2846 1219 2906 qum
1243 2828 1432 2912 cogitamus.

289 2936 398 3001 sentiri
421 2954 481 3001 non
504 2936 640 3018 possint,
668 2935 695 2999 si
719 2934 845 3017 etipsa
867 2951 995 3016 corpora
1017 2937 1102 3000 aunt.
1130 2950 1203 2998 nam
1225 2934 1272 2999 ita
1294 2940 1432 3016 censent,

288 3047 326 3106 ut
344 3041 426 3107 exire
445 3060 464 3105 a
482 3059 610 3124 corpore
629 3045 662 3106 et
683 3040 792 3106 uenire
811 3039 850 3103 ad
870 3040 979 3105 oculos
1002 3041 1055 3104 uel
1078 3038 1119 3103 ad
1136 3039 1277 3105 animum
1299 3042 1433 3123 possint,

289 3168 384 3231 quem
415 3146 513 3212 nihilo
551 3147 657 3212 minus
690 3147 800 3212 dicunt
836 3165 906 3211 esse
939 3164 1133 3228 corporeum.
1166 3164 1291 3229 quaero,
1322 3151 1476 3217 utrumn

325 3416 336 3467 l
360 3413 579 3468 deliberamentis
597 3417 622 3468 Δ
696 3414 746 3469 illu
765 3414 848 3485 (atel)
871 3413 895 3466 V
948 3414 1101 3470 aauffioite
1120 3416 1229 3479 narrari,
1248 3416 1433 3472 mauldoit

288 3503 406 3556 snamari
423 3501 461 3556 Μ
477 3501 578 3556 sufficit
596 3519 629 3557 ea
647 3503 748 3557 narrari
767 3502 941 3558 PP¹Vlrm
1030 3506 1100 3576 dai]
1120 3506 1160 3559 sie
1177 3507 1205 3559 A
1283 3490 1388 3560 atomos
1405 3505 1435 3559 P

287 3591 348 3645 edd.
404 3590 992 3650 iiortuitu.an.1eorr.atd.fortuitoll1
1043 3610 1073 3647 ae
1090 3595 1164 3664 ipsas
1182 3589 1430 3664 (aa.2oeup'era)
1532 3595 1539 3604 “

287 3680 418 3750 repellere
435 3679 463 3736 R
543 3681 621 3735 Bias
639 3684 682 3735 eat
700 3681 739 3735 eia
758 3681 785 3737 R
867 3681 1017 3736 9iortuitu
1035 3681 1064 3735 R
1149 3682 1182 3737 10
1199 3682 1313 3737 iormarn
1331 3683 1434 3738 MP¹V

323 3767 460 3836 odiilceut,
479 3784 548 3826 corr.
567 3785 601 3823 aa.
620 3775 652 3823 ast
669 3769 727 3823 uid.
743 3770 933 3824 tmodiilcant
946 3771 974 3824 P
991 3759 1117 3825 edilioent
1130 3770 1218 3825 P¹Vl
1268 3771 1382 3840 figuram
1396 3772 1434 3826 Μ

289 3858 319 3911 ll
340 3858 527 3913 animamds
584 3860 617 3912 13
636 3857 724 3912 uideri
742 3857 803 3912 ΜΔ
879 3860 912 3912 14
931 3860 1004 3928 ipsos
1022 3858 1077 3914 Pa
1155 3851 1433 3930 ullo,m.iaaaprel

286 3946 362 4000 nullo
381 3946 409 4000 R
426 3946 501 4000 nullo
519 3946 581 4001 MA
661 3946 821 4001 eredendum
841 3947 910 4000 ΡΨ
979 3949 1012 4001 16
1032 3947 1193 4002 uidetP¹l⁷
1264 3949 1296 4002 17
1314 3949 1433 4002 auntM

290 4035 321 4089 18
341 4034 415 4089 aliud
434 4051 492 4088 ease
511 4036 538 4090 R
591 4036 680 4103 inane,
699 4039 764 4091 m.2
781 4036 874 4089 inania
891 4036 928 4089 P¹
947 4037 1039 4090 inania
1051 4036 1108 4090 PV
1143 4039 1176 4091 19
1194 4041 1430 4107 consequentem

287 4125 322 4178 20
341 4126 490 4194 ponunt-A
535 4125 567 4178 21
589 4124 688 4178 afluere
708 4124 743 4176 M
760 4124 842 4178 fluere
861 4124 930 4177 P¹V
981 4126 1069 4194 utlut
1087 4125 1255 4181 nouaintR
1300 4128 1335 4182 22
1353 4130 1431 4181 tactu

287 4213 348 4279 nisi,
366 4213 453 4283 monte
471 4229 539 4267 eom.
558 4214 611 4268 nisi
629 4217 705 4268 tactu
725 4214 753 4266 P
768 4215 822 4267 nisi
841 4217 916 4268 tactu
935 4215 962 4269 R
1016 4214 1098 4268 animi
1117 4214 1188 4285 curn]
1208 4217 1321 4270 amicum
1340 4216 1431 4273 ΜΔΕ

287 4300 666 4365 23siom.‚m.2cdd.ll
