3309 4867
615 370 880 442 epistularum
906 370 952 426 LI.
980 369 1038 426 Lll.
1327 370 1390 437 149

241 569 326 635 unde
351 569 461 652 ipsum
489 563 692 651 euangelium
719 564 751 629 in
779 564 921 636 Africam
948 564 1056 642 uenite
1073 584 1133 632 non
1157 565 1288 629 habent!
1313 564 1391 648 quid

240 674 386 759 plurilus
416 677 533 739 onero?
560 671 600 737 ad
626 672 691 736 ists
717 669 881 753 responde.
905 667 1041 737 adtende
1063 670 1266 754 sacrilegium
1290 670 1390 737 schis-

241 780 337 847 matis
378 783 487 845 uestro
525 776 660 843 concilio
697 775 944 842 Maximianistis
981 779 1217 863 exaggeratum,
1255 774 1391 840 adtende

240 886 478 972 persecutiones
508 903 566 968 per
595 881 776 949 iudiciarias
809 883 998 967 potestates,
1021 900 1105 965 quas.
1132 882 1179 947 eis
1203 879 1388 966 inrogastia

206 992 376 1059 sedunis
403 991 599 1074 baptismum
626 1008 746 1068 eornm,
775 1005 871 1073 quem
898 1007 971 1055 cum
999 988 1057 1067 eis,
1089 1007 1171 1072 quos
1203 986 1389 1062 damnastis,

241 1098 419 1183 recepistis,
457 1101 490 1163 et
525 1096 693 1180 responde,
730 1095 759 1162 ei
792 1098 898 1179 potes,
934 1097 1043 1161 unum
1078 1094 1223 1164 habeatis
1257 1093 1388 1176 aliquid,

241 1205 324 1270 unde
350 1204 491 1271 iniciatis
518 1203 651 1269 nebulas
679 1201 848 1286 imperitis,
875 1221 933 1268 cur
955 1202 994 1267 ab
1017 1201 1092 1267 orbe
1114 1203 1269 1267 terrarum
1292 1200 1387 1284 longe

242 1312 360 1377 maiore
387 1309 507 1376 scelere
534 1308 718 1375 schismatis
749 1309 948 1391 separemini,
980 1328 1075 1393 quam
1108 1306 1192 1390 quod
1223 1306 1256 1370 in
1288 1305 1387 1370 Maxi-

240 1411 400 1483 mianistis
436 1434 495 1481 uos
533 1415 700 1481 damnasse
737 1415 928 1499 gloriamini.
964 1434 1024 1499 pax
1061 1411 1180 1482 (ihristi
1215 1412 1323 1478 ninoat
1353 1410 1385 1474 in

190 1541 219 1581 ιο
238 1522 332 1589 corde
352 1526 422 1589 tuo.

770 1711 845 1779 tlt.

303 1851 451 1910 DOMINO
469 1851 623 1907 utuntur
641 1849 899 1908 DESIDERABILI
919 1852 964 1908 ΕΤ
981 1851 1103 1919 VALDE
1122 1849 1314 1908 CARISSIMO

512 1941 645 1997 FRATRI
665 1939 847 1997 autumno
865 1941 1105 1998 AUGUSTINUS.

162 2056 182 2118 l
278 2066 417 2133 litteras
439 2066 644 2133 fraternitatis
665 2072 740 2132 tuae
765 2068 827 2132 etsi
849 2067 944 2132 ualde
967 2085 1048 2144 sero,
1072 2064 1134 2131 etsi
1158 2065 1382 2148 praeterquod
1455 2133 1458 2138 4

187 2193 447 2258 responsorem,
484 2178 590 2239 tamen
623 2175 728 2239 laetus
760 2173 879 2259 accepi.
911 2173 1046 2239 maxime
1079 2172 1231 2254 ampliore
1263 2172 1381 2257 gaudio

235 2281 383 2365 perfusus
411 2297 493 2360 sum,
522 2299 595 2345 cum
623 2280 846 2364 cognouissem
879 2280 1039 2346 hominem
1071 2284 1214 2344 uestrum
1246 2279 1277 2342 in
1311 2279 1382 2363 ipsa

235 2387 304 2454 sols
325 2405 429 2462 ,causa
454 2385 581 2452 uouisse
610 2386 800 2470 Hipponem,
827 2390 866 2453 nt
893 2387 933 2452 ad
955 2406 1006 2452 me
1027 2387 1153 2452 litteras
1175 2388 1250 2450 tuae
1271 2385 1381 2468 irater·

234 2492 343 2558 nitatis
372 2491 517 2559 adferret.
551 2493 694 2578 cogitaui
721 2494 808 2560 enim
832 2513 893 2559 non
922 2494 989 2560 sine
1017 2512 1113 2560 causa
1145 2494 1204 2560 hoc
1236 2496 1379 2559 exortum

233 2617 304 2663 esse
336 2599 368 2662 in
401 2598 506 2662 animo
539 2601 605 2675 tuo,
638 2603 676 2665 nt
706 2601 860 2666 recoleres
893 2602 1200 2685 consanguinitatem
1227 2612 1379 2679 nostram,

181 2726 211 2765 so
232 2705 293 2770 nisi
321 2705 396 2787 quis
423 2704 557 2771 tortasse
585 2706 749 2789 perspicis,
774 2708 859 2771 sieut
882 2708 958 2773 noui
979 2691 1040 2773 non
1063 2708 1137 2772 leue
1160 2707 1283 2791 pondus
1305 2727 1394 2791 pru·-
1487 2729 1490 2735 ·

232 2810 355 2876 dentiae
383 2814 467 2887 tuae,
497 2830 592 2893 quam
620 2812 664 2878 sit
691 2807 871 2892 dolendum,
900 2817 946 2892 ut,
975 2814 1030 2897 qui
1054 2813 1228 2879 secundnm
1253 2832 1376 2878 earnem

231 2917 344 2983 iratres
373 2931 495 2995 snmus,
523 2918 555 2982 in
580 2917 699 2984 Christi
723 2937 852 3002 corpore
876 2940 935 2986 non
959 2941 1023 2986 una
1040 2921 1193 2986 societate
1215 2921 1376 2998 uiuamus,

229 3023 414 3106 praesertim
434 3024 508 3105 qnia
531 3023 624 3089 facile
646 3025 705 3090 tibi
724 3029 775 3096 est
794 3026 962 3093 adtendere
981 3030 1014 3092 et
1032 3027 1140 3092 uidere
1159 3028 1375 3092 ciuitatem

230 3147 351 3210 super
388 3134 563 3194 montem
601 3132 886 3212 constitutam,
920 3134 959 3199 de
991 3154 1054 3217 qua
1078 3127 1234 3199 'dominus
1265 3135 1311 3199 ait
1343 3135 1374 3198 in

317 3317 351 3371 23
369 3311 466 3373 unuh.
487 3321 513 3382 5,
534 3321 567 3374 14

265 3423 277 3477 l
298 3421 381 3493 unde]
405 3423 477 3478 unde
500 3423 528 3478 di
550 3424 590 3494 (di
614 3425 666 3480 ciel.
684 3443 719 3481 sn.
738 3433 770 3482 ut
786 3428 847 3485 uid.
866 3434 893 3494 1)
914 3429 950 3483 Μ
964 3430 1036 3485 uncle
1055 3429 1089 3485 de
1107 3429 1154 3500 (de
1172 3447 1231 3500 cap.
1250 3448 1285 3485 m.
1297 3435 1327 3498 3)
1346 3430 1378 3485 F

225 3510 402 3582 asserere
491 3513 748 3578 maximianistas,
767 3521 828 3570 sni
846 3532 915 3573 corr.
933 3518 1141 3574 maximianistis
1158 3518 1187 3575 lt
1275 3521 1293 3575 4
1311 3536 1372 3590 per-

224 3598 382 3664 secutionis,
401 3615 470 3656 corr.
489 3618 524 3655 m.
543 3607 575 3681 ut
592 3602 651 3656 oid.
669 3608 686 3657 1
703 3606 908 3673 persecuciones
926 3606 963 3661 lli
1032 3607 1176 3664 iudicarias
1193 3609 1231 3662 M
1290 3610 1306 3663 7
1327 3626 1374 3665 cur

224 3687 259 3741 ab
279 3687 343 3741 orbe
362 3691 422 3753 (cur
440 3688 474 3743 ab
494 3705 510 3743 o
528 3689 561 3743 in
578 3708 636 3746 ros.
654 3692 706 3746 uic
723 3710 757 3747 oa.
777 3699 803 3761 1)
824 3693 854 3747 F
946 3696 963 3750 8
982 3691 1091 3752 sceleris
1109 3697 1264 3753 schismatis
1282 3696 1372 3754 MFA

224 3774 332 3829 sceleris
351 3777 478 3832 scismata
495 3777 525 3834 Β
598 3780 632 3834 10
649 3783 710 3851 tuo]
731 3788 779 3836 tuo
798 3782 968 3841 aramue
985 3785 1050 3840 Ros
1123 3787 1235 3858 explicit
1253 3787 1372 3859 epistula

223 3862 313 3916 sancti
331 3865 452 3935 agustim
471 3864 507 3920 ad
526 3867 673 3938 crispinum
691 3868 748 3924 FP

313 3967 390 4024 idem
408 3971 521 4036 codices,
539 3974 588 4042 qui
606 3975 637 4028 ios
655 3993 694 4043 ep.
714 3975 763 4030 LI

259 4073 291 4127 12
310 4074 458 4131 clarissimo
471 4077 509 4132 Μ
564 4080 596 4133 15
614 4098 693 4151 spero
708 4084 735 4136 A
806 4086 976 4157 maximeque
994 4087 1054 4142 edd.
1128 4089 1253 4164 ampliori
1266 4088 1294 4146 R
1308 4089 1368 4145 cdd.

223 4161 256 4215 16
274 4164 466 4232 cognouisse·-
484 4168 527 4236 (nt
545 4175 627 4236 eros.)
643 4170 671 4223 P
740 4173 781 4242 in]
801 4173 853 4228 hac
872 4174 933 4233 edd.
1024 4179 1060 4233 24
1078 4183 1297 4248 supermontem
1316 4194 1367 4234 om.

220 4247 309 4304 Mna
327 4252 356 4305 in
374 4254 514 4312 mentali
585 4256 654 4313 dicit
671 4261 699 4315 lt
