3309 4867
604 400 871 469 epistularum
898 400 967 456 XCI.
1297 409 1366 472 431
1454 393 1459 421 ⁵

210 592 344 675 opulens
376 593 482 659 uirtus
514 582 571 659 sed
604 594 661 659 ille
693 595 753 660 dea
778 592 874 661 Flora
901 595 996 681 digna
1022 602 1126 665 mater
1151 599 1281 666 inuenta
1304 611 1365 679 est,

210 697 302 767 cuius
334 698 405 767 ludi
437 694 556 782 scenici
582 703 650 766 tarn
678 700 826 769 effusiore
854 704 888 768 et
913 687 1079 774 licentiore
1100 705 1260 789 turpidine
1285 710 1365 773 cele·

208 803 362 885 brantun—
386 808 425 872 ut
461 806 569 890 quiuis
604 802 786 901 intellegat,
805 809 916 891 quale
950 794 1155 876 vdaennonium
1192 811 1244 893 sit,
1278 814 1366 897 quod

207 909 327 994 planari
349 911 445 978 aliter
466 931 527 979 non
550 916 668 997 potest,
688 914 750 982 uisi
768 914 838 981 illic
861 931 1029 995 nonanes,
1049 936 1111 983 non
1131 918 1361 1002 quadrupedes,

145 1010 272 1089 'onon
304 1016 439 1102 denique
472 1019 604 1104 magnis
635 1017 795 1091 humanus
828 1019 886 1086 sed
918 1020 1020 1089 multo
1055 1018 1224 1111 scelestius
1261 1024 1366 1110 pudor

207 1120 368 1191 humanus
391 1128 554 1207 tamquam
577 1126 765 1215 immolatus
788 1127 933 1193 intereat

111 1225 136 1289 6
252 1228 340 1296 Haec
368 1230 442 1308 diri,
470 1210 713 1316 propterquod
742 1231 912 1316 scripsisti
937 1238 1090 1317 quantum
1113 1235 1173 1301 tibi
1196 1238 1283 1302 aetus
1306 1237 1362 1303 lini

206 1335 349 1418 proxima
371 1340 431 1415 est,
455 1354 570 1420 cupere
593 1341 636 1414 te,
656 1340 694 1403 ut
715 1332 851 1421 patrium
873 1341 963 1405 tuam
981 1339 1176 1406 incolumem
1196 1361 1232 1408 ec
1231 1340 1364 1429 fioren-

205 1445 273 1508 tem
303 1443 477 1526 relinquas
511 1444 665 1509 mnnntur
696 1443 757 1515 illu
785 1445 892 1510 omnis
920 1463 1003 1519 uana
1029 1454 1074 1513 et
1088 1447 1208 1516 insana
1233 1464 1361 1515 conuer-

162 1570 187 1609 ιο
206 1551 316 1615 tantur
345 1548 490 1617 homines
523 1529 564 1615 ed
594 1568 707 1616 uerum
739 1549 792 1616 dei
824 1552 948 1616 cultum
980 1571 1147 1636 moresque
1186 1557 1292 1621 castos
1329 1560 1365 1620 et
1429 1600 1435 1605 ι

206 1655 306 1739 piosq
329 1658 407 1721 tnnc
443 1656 579 1739 panium
615 1655 706 1743 tuine
743 1655 908 1722 florentem
943 1656 1069 1723 uidebis
1110 1678 1171 1725 non
1214 1660 1362 1743 opinione

206 1758 379 1831 stultorum
410 1748 469 1827 'sed
496 1761 631 1827 ueritate
660 1762 865 1845 sapientium,
892 1781 967 1832 curn
994 1763 1072 1829 haec
1099 1765 1201 1848 patrie
1223 1765 1361 1831 carnalis

205 1865 420 1950 generationis
447 1859 523 1932 t'nae
549 1866 654 1948 porcio
681 1867 779 1934 fuerit
804 1863 895 1933 illius
918 1868 1047 1951 patriae,
1071 1870 1124 1935 cui
1146 1878 1211 1936 uon*
1231 1888 1361 1954 corpore

206 1970 264 2037 sed
296 1971 360 2038 lide
384 1972 569 2051 nascimur,
609 1973 666 2038 ubi
702 1992 823 2041 omnes·
852 1975 955 2044 sancti
973 1980 1026 2070 ,et
1061 1974 1170 2044 fideles
1198 1974 1255 2041 dei
1286 1980 1364 2060 post

159 2077 332 2165 relatores
355 2077 450 2144 uelut
471 2077 625 2145 hiemales
648 2078 737 2146 uitae
758 2080 856 2146 huius
879 2080 1053 2148 intermina
1066 2081 1252 2148 aeternitate
1270 2081 1360 2149 fiore-

204 2182 295 2252 bnnt.
331 2184 425 2250 nobis
460 2183 573 2269 itaque
606 2184 694 2251 cordi
732 2189 783 2253 eat
807 2181 921 2271 'neque
958 2186 1174 2255 Christianum
1211 2188 1359 2254 amittere

204 2289 484 2357 mansuetudinem
517 2309 621 2374 neque
649 2290 867 2376 perniciosum
898 2293 1013 2360 cetenis
1040 2293 1229 2360 imitationis
1257 2312 1359 2359 exenn-

204 2396 294 2478 plum
317 2396 350 2462 in
372 2395 430 2462 illa
452 2391 584 2463 ciuitate
606 2394 795 2480 relinquere.
829 2412 893 2482 qno
916 2398 1010 2466 modo
1033 2399 1067 2465 id
1090 2418 1233 2485 ιςιιιιιι,
1256 2399 1359 2489 aderit

147 2518 151 2527 ·
206 2501 296 2581 deus,
319 2503 347 2568 si
371 2502 419 2569 eis
442 2521 512 2569 non
527 2503 737 2588 itagrauiter
757 2503 948 2590 indignetur.
980 2505 1125 2588 alioquin
1153 2508 1185 2571 et
1212 2516 1358 2576 ιιιιιιιιι-

137 2634 188 2691 Ιιο
204 2608 294 2689 tudo,
315 2628 414 2693 quarn
436 2622 564 2677 seruare
588 2608 746 2694 cupimus,
771 2614 804 2677 et
826 2611 1006 2695 disciplina,
1031 2631 1094 2694 qua
1119 2611 1168 2676 uti
1195 2608 1358 2677 moderate

204 2715 347 2794 nitimur,
370 2715 518 2799 impediri
540 2719 659 2801 potest,
684 2717 714 2782 ai
736 2715 801 2786 deo·
824 2716 912 2797 uliud
937 2718 971 2791 in
1000 2717 1127 2784 occulto
1153 2716 1260 2801 placet
1286 2715 1356 2782 siue

203 2820 358 2891 iudicanti
380 2822 442 2887 hoe
464 2825 590 2887 tantum
613 2822 732 2888 malum
757 2822 885 2907 fiagello
909 2821 1027 2889 acriore
1055 2822 1258 2906 plectendum
1286 2822 1357 2887 siue

205 2928 301 2993 etiarn
329 2928 553 2995 uehementius
579 2927 739 3007 irascenti,
767 2928 797 2996 si
823 2947 885 2995 non
909 2929 1059 3011 correctis
1082 2947 1140 2994 nec
1163 2927 1202 2994 ad
1225 2947 1260 2994 ιι
1283 2946 1357 3041 oon-

203 3032 306 3115 nerels
330 3033 371 3099 cd
393 3036 520 3117 tempus
544 3053 615 3100 esse
637 3034 780 3101 uoluerit
798 3035 991 3119 inpunitum.

111 3141 186 3208 72⁶
249 3138 456 3209 Ptaescribit
473 3140 574 3206 nobis
599 3138 735 3224 quodam
763 3139 858 3239 modo
885 3141 1028 3224 prudent
1021 3162 1051 3207 ra
1077 3146 1134 3208 tua
1161 3142 1199 3206 de
1222 3159 1359 3224 persona

296 3402 366 3457 r-·o
384 3425 420 3451 =
438 3418 465 3473 p.
485 3402 547 3465 ιιι,
566 3402 656 3457 ι-ιι

243 3575 257 3629 1
276 3574 351 3641 flore,
370 3569 526 3632 ceratitim
539 3574 571 3630 K
602 3623 606 3631 ,
625 3573 710 3645 digna
727 3577 824 3645 mater]
846 3574 979 3646 dignater,
999 3574 1350 3645 eorr.·or.1'dignanter1⁴

206 3664 223 3718 2
241 3663 313 3719 ludia
331 3664 437 3720 metrici
448 3666 505 3719 tam
516 3663 555 3718 M
570 3663 702 3734 (uirentis
714 3670 796 3732 cerr.)
810 3665 839 3718 P
857 3667 933 3729 (m.2
950 3653 1031 3731 corr.)
1049 3662 1122 3719 ludis
1137 3664 1215 3718 coeni
1233 3664 1314 3718 eitam
1327 3663 1359 3718 F

239 3752 382 3821 licentiore
399 3769 457 3807 ras.
476 3769 510 3807 erc
527 3753 678 3807 lucentiore
696 3752 728 3807 F
795 3753 967 3824 turpitudine
984 3753 1015 3809 R
1031 3752 1092 3807 edd.
1152 3752 1168 3807 3
1188 3752 1226 3806 ait
1243 3751 1355 3806 daemo-

203 3841 279 3903 nium
296 3830 325 3896 11
386 3840 522 3896 insultes
541 3841 686 3897 caelestius
705 3841 767 3906 ΜΡ
786 3845 863 3909 (Μ
880 3848 961 3909 corr.)
1022 3844 1039 3896 6
1058 3842 1147 3896 inerat
1164 3842 1192 3894 A
1251 3841 1267 3894 ’1
1286 3840 1355 3893 haec

204 3946 269 4002 ergo
287 3915 342 3985 uixi
359 3929 390 3987 B
482 3931 516 3985 10
534 3929 578 3985 dni
598 3947 637 3984 un
655 3930 701 3985 dm
719 3931 854 3986 incertum
872 3929 910 3987 M
989 3932 1021 3985 11
1041 3929 1149 3985 uidebis
1167 3929 1308 3984 florentem
1326 3927 1354 3983 11

205 4019 450 4093 immutationes
467 4016 500 4073 K
567 4020 600 4074 15
620 4019 798 4075 intemrinate
815 4020 840 4089 R
859 4018 920 4074 edd.
934 4026 1086 4089 praetereo
1153 4019 1187 4073 16
1205 4016 1355 4076 christiani

202 4107 303 4177 meur.
322 4107 341 4164 1.
360 4123 395 4162 ιω
412 4123 481 4162 corr.
499 4124 535 4161 or.
549 4113 586 4162 'ret
602 4107 662 4165 uid.
681 4108 710 4179 1)
727 4107 766 4162 M
824 4109 859 4187 29
878 4124 933 4177 qua
949 4107 1127 4163 immoderate
1144 4107 1173 4162 R
1225 4106 1260 4160 21
1280 4103 1359 4159 aliud·

203 4193 255 4250 deo
272 4195 303 4251 B
356 4196 391 4250 22
409 4195 462 4250 hoc
480 4194 616 4251 iudicanti
634 4195 663 4251 R
724 4196 821 4252 acriori
840 4197 869 4252 R
922 4197 957 4251 23
975 4196 1118 4251 irascentis
1135 4194 1198 4249 ΜΕ
1260 4193 1353 4247 sinon

203 4284 385 4340 concorrentis
405 4286 432 4338 A
487 4285 521 4340 25
540 4286 717 4356 praescripsit
735 4286 806 4340 enim
825 4285 905 4341 nobie
924 4285 953 4354 11
