3309 4867
634 361 897 431 epistularum
928 362 1023 417 xuni.
1345 352 1403 432 101

259 554 388 619 inarinia
413 554 556 621 ecclesiis
580 555 879 621 communicatorias
902 555 1145 635 litterassnritti,
1166 575 1226 622 nou
1246 548 1283 621 ad
1305 557 1409 634 illum,

259 679 353 742 quiem
380 661 443 743 ipsi
471 647 624 726 scelerata
653 660 889 739 ordioauenaut,
914 661 1031 744 puduit
1058 679 1114 727 eos
1144 681 1270 743 semper
1287 667 1406 729 'tacere

259 767 334 849 quia
360 768 470 849 posset
497 765 543 832 eis
572 766 665 845 obici,
695 785 751 831 our·
772 772 958 849 paterentur
980 768 1121 852 ignaram
1145 788 1202 851 per
1223 773 1274 834 tot
1295 775 1407 854 gentes

260 872 426 964 ecclesiam
450 872 682 938 communicare
706 871 863 938 damnatis
887 877 921 938 ct
943 892 1001 939 our
1023 893 1057 939 se
1080 874 1142 957 ipsi
1167 874 1208 939 ab*
1227 875 1406 941 innocentis

261 979 346 1045 orbis
373 984 527 1046 terrarum
556 974 778 1045 communione
804 980 1033 1062 praeciderent,
1062 986 1133 1046 cuni
1165 980 1297 1047 tacendo
1326 982 1408 1046 sine-

260 1090 327 1150 rent
364 1085 525 1170 episcopo,
562 1104 660 1169 quem
697 1085 1014 1173 Carthaginiensibus
1052 1087 1261 1168 ordinassent,
1293 1091 1407 1153 atoto

260 1192 333 1257 orbe
357 1211 419 1257 non
443 1191 679 1257 communicari.
703 1192 879 1277 elegerunt,
903 1193 990 1276 sicut
1012 1192 1139 1271 dicitur,
1159 1193 1295 1259 adduas
1315 1213 1409 1278 agere

259 1289 388 1364 cansam
421 1316 495 1363 cum
527 1298 706 1365 Caeciliano
740 1298 825 1383 apud
854 1295 1010 1366 *ecclesias
1046 1300 1269 1366 transmarinas
1307 1301 1407 1383 parati

259 1406 298 1471 ad
330 1410 512 1489 utrumque,
550 1411 597 1483 nt,
636 1408 663 1472 si
701 1426 772 1473 oum
810 1407 993 1490 potuissent
1028 1426 1227 1491 quacumque
1264 1405 1405 1472 uersutia

216 1534 241 1573 so
257 1511 356 1578 falsae
384 1511 611 1579 criminationis
640 1514 793 1592 euincere,
817 1513 971 1579 satiarent
992 1512 1176 1596 plenissime
1199 1511 1407 1595 cupiditatem

258 1638 359 1698 suam,
388 1619 417 1691 si
444 1624 551 1684 autem
579 1627 640 1685 non
669 1606 808 1704 possent,
837 1620 870 1686 in
897 1621 1008 1687 eadem
1035 1619 1163 1704 quidem
1197 1620 1407 1701 peruersitate

258 1725 417 1800 durarent,
455 1726 513 1791 sed
547 1726 612 1791 iam
649 1729 757 1792 tamen
794 1726 887 1809 qnasi
924 1726 1086 1804 haberent,
1128 1724 1214 1808 quod
1254 1724 1407 1795 dicerent.
1468 1721 1472 1730 '

256 1830 358 1899 malos
382 1832 504 1897 iudices
528 1852 562 1899 se
585 1851 656 1898 esse
680 1850 859 1916 perpessos,
884 1851 966 1915 qnae
989 1850 1051 1898 nor
1074 1839 1125 1897 est
1148 1832 1289 1897 omnium
1307 1831 1405 1897 malo·

256 1957 326 2003 rum
354 1937 564 2025 litigatorum,
593 1957 665 2004 cum
698 1939 817 2004 fuerint
849 1939 948 2004 etiarn
978 1938 1239 2003 manifestissima
1270 1938 1405 2002 ueritate

213 2066 238 2106 a
257 2045 409 2129 superati,
438 2045 531 2127 quasi
553 2065 614 2110 nou
639 2045 687 2110 eis
710 2044 833 2109 adhoc
858 2045 921 2110 dici
944 2045 1049 2127 possit
1070 2048 1101 2109 et
1124 2043 1302 2109 iustissime
1326 2043 1404 2109 dici:

256 2150 348 2217 ‘Ecce
379 2154 531 2234 putemus
562 2152 636 2217 illos
670 2151 847 2234 episcopos,
871 2139 936 2234 'qui
968 2151 1087 2217 Romae
1118 2150 1315 2225 iudicarunt,
1342 2169 1405 2215 non

255 2258 356 2323 bonos
391 2257 514 2349 indices
551 2258 683 2323 fnisseP‘
720 2251 862 2323 restabat
898 2258 1003 2323 adhuc
1032 2251 1214 2341 plenarium
1251 2255 1405 2322 ecclesiae

255 2363 423 2428 uniuersae
456 2363 636 2440 concilium,
656 2349 725 2430 vubi
758 2365 855 2430 etiam
887 2384 961 2430 curn
993 2364 1074 2448 ipsis
1110 2363 1271 2429 iudicibus
1308 2381 1404 2428 causa

255 2474 366 2553 posset
391 2469 517 2555 agitari,
544 2473 592 2548 nt,
620 2471 649 2535 si
678 2471 759 2535 male
786 2471 948 2537 iudicasse
975 2463 1115 2536 conuicti
1143 2473 1261 2548 essent,
1293 2487 1402 2534 eorum

209 2598 237 2640 ao
256 2576 433 2642 sententiae
468 2578 678 2643 soluerentur.
717 2577 803 2660 quod
839 2580 947 2643 uuum
984 2578 1128 2655 fecerint,
1165 2577 1311 2660 probent;
1344 2565 1403 2641 n'os

255 2680 339 2748 anim
371 2701 434 2749 non
467 2702 539 2749 esse
570 2683 691 2750 factum
719 2683 813 2749 facile
841 2684 1013 2768 probamus
1046 2703 1081 2748 ex
1114 2703 1162 2763 eo,
1196 2682 1281 2766 quod
1312 2685 1402 2748 totus

254 2789 341 2855 orbis
362 2808 424 2854 non
448 2789 495 2854 eis
518 2789 746 2864 communicen
771 2793 837 2866 ant,
862 2790 890 2855 si
913 2789 1033 2856 factum
1058 2792 1118 2868 est,
1141 2789 1237 2855 etiam
1259 2788 1306 2853 ibi
1327 2792 1404 2853 sunt

254 2894 345 2972 uicti,
368 2894 454 2977 qnod
476 2894 547 2979 ipsa
569 2913 679 2961 eorum
699 2896 859 2980 separatio
889 2895 1079 2961 manifestat.

161 3011 208 3075 20
299 2998 362 3066 Sed
389 3004 495 3067 minen
525 3002 602 3084 quid
628 3005 742 3085 postea
768 3001 910 3081 fecerint,
939 3001 1137 3085 imperatoris
1164 3000 1281 3065 litteris
1313 3000 1400 3065 sufii-

212 3126 240 3168 ιο
254 3105 449 3172 cientissime
493 3105 683 3172 ostenditur.
728 3106 852 3173 iudices
894 3107 978 3171 enim
1019 3105 1254 3177 ecclesiasticos
1294 3109 1401 3171 tautae

253 3212 453 3278 auctoritatis
472 3209 655 3298 episcopos,
679 3232 813 3295 quorum
837 3212 956 3278 iudicio
980 3216 1013 3277 et
1035 3210 1205 3277 Caeciliani
1223 3212 1401 3277 innocentia

252 3322 286 3383 et
318 3337 428 3383 eornm
458 3317 633 3400 inprobitas
667 3317 825 3383 declarata
857 3324 918 3396 est,
950 3337 1011 3383 non
1039 3317 1125 3401 apud
1152 3318 1232 3383 aiios
1260 3319 1400 3404 collegas

253 3423 310 3488 sed
342 3423 428 3507 apud
456 3423 680 3507 imperatorem
712 3443 861 3490 accusare
888 3424 958 3489 ansi
986 3427 1071 3502 suut,
1100 3421 1186 3507 quod
1212 3424 1295 3490 male
1318 3426 1400 3490 iudi-

252 3533 363 3596 carint
396 3529 484 3595 dedit
514 3530 570 3595 illc
601 3530 689 3597 aliud
723 3530 906 3602 Arelatense
934 3530 1087 3596 iudicium
1115 3530 1247 3596 aliorum
1275 3531 1400 3596 scilicet

205 3636 483 3721 coepiscoporum,
507 3624 568 3724 non
592 3636 667 3719 qnia
689 3637 752 3701 iam
776 3655 905 3703 necesse
928 3639 1005 3716 erat,
1030 3636 1218 3701 acdeorum
1245 3639 1400 3719 peruersi·

287 3807 660 3881 decoloratiordinaueruut
678 3813 759 3878 (corr.
776 3809 1058 3886 uroruinauerant)
1078 3808 1112 3863 M
1173 3813 1189 3865 6
1209 3809 1399 3880 carthaginen-

251 3897 327 3952 sibus
349 3896 433 3952 ΕΔΒ
454 3898 514 3952 edd.
606 3898 723 3968 icrbe]
745 3897 809 3953 orbe
832 3899 964 3953 terrarum
983 3896 1020 3951 M
1125 3896 1160 3952 ad
1180 3897 1257 3967 duas]
1277 3897 1398 3954 adduas

251 3985 360 4042 fraudes
379 4003 422 4041 ac
463 3985 538 4041 baie
557 3985 646 4042 MFA
691 3984 1038 4056 ltadh001adhuoPR
1092 3989 1187 4057 posset
1204 3986 1264 4042 edd.
1310 3988 1397 4044 ltin-

252 4074 457 4132 dicancmntB
520 4076 552 4130 17
572 4071 723 4146 plenarium
743 4080 771 4140 (a
789 4078 854 4131 Μ
872 4078 999 4130 ea2-3
1018 4076 1047 4141 t.)
1065 4075 1103 4130 M
1162 4077 1195 4130 21
1216 4075 1318 4130 factum
1338 4093 1398 4130 esse

250 4162 314 4219 edd.
384 4164 715 4230 totnsisiarua.m.1)
735 4162 765 4216 F
829 4164 863 4219 27
884 4164 963 4234 aiios}
984 4179 1030 4231 eos
1048 4163 1085 4217 M
1151 4165 1186 4219 29
1205 4163 1351 4219 arelatensi
1370 4167 1397 4221 A

250 4252 287 4308 30
305 4252 358 4306 iarn
377 4249 485 4310 cass
