<?xml version="1.0" encoding="UTF-8"?>
<!DOCTYPE html PUBLIC "-//W3C//DTD XHTML 1.0 Transitional//EN"
    "http://www.w3.org/TR/xhtml1/DTD/xhtml1-transitional.dtd">
<html xmlns="http://www.w3.org/1999/xhtml" xml:lang="en" lang="en">
 <head>
  <title>
</title>
<meta http-equiv="Content-Type" content="text/html;charset=utf-8" />
  <meta name='ocr-system' content='tesseract 3.04.00' />
  <meta name='ocr-capabilities' content='ocr_page ocr_carea ocr_par ocr_line ocrx_word'/>
</head>
<body>
  <div class='ocr_page' id='page_1' title='image "./savreliavgvstin00goldgoog_0035.png"; bbox 0 0 3309 4867; ppageno 0'>
   <div class='ocr_carea' id='block_1_1' title="bbox 612 366 1393 438">
    <p class='ocr_par' dir='ltr' id='par_1_1' title="bbox 612 366 1393 438">
     <span class='ocr_line' id='line_1_1' title="bbox 612 366 1393 438; baseline -0.001 -17"><span class='ocrx_word' id='word_1_1' title='bbox 612 367 877 437; x_wconf 77' lang='lat' dir='ltr'><strong>epistularum</strong></span> <span class='ocrx_word' id='word_1_2' title='bbox 906 366 1025 422; x_wconf 81' lang='lat' dir='ltr'>XXXIV.</span> <span class='ocrx_word' id='word_1_3' title='bbox 1350 374 1393 438; x_wconf 86' lang='lat'>25</span> 
     </span>
    </p>
   </div>
   <div class='ocr_carea' id='block_1_2' title="bbox 145 561 1446 3201">
    <p class='ocr_par' dir='ltr' id='par_1_2' title="bbox 241 561 1395 654">
     <span class='ocr_line' id='line_1_2' title="bbox 241 561 1395 654; baseline 0.003 -29"><span class='ocrx_word' id='word_1_4' title='bbox 241 561 274 625; x_wconf 88' lang='lat' dir='ltr'>in</span> <span class='ocrx_word' id='word_1_5' title='bbox 298 564 421 645; x_wconf 89' lang='lat' dir='ltr'>partem</span> <span class='ocrx_word' id='word_1_6' title='bbox 445 562 562 626; x_wconf 86' lang='lat' dir='ltr'>Donati</span> <span class='ocrx_word' id='word_1_7' title='bbox 586 566 619 627; x_wconf 88' lang='lat' dir='ltr'>et</span> <span class='ocrx_word' id='word_1_8' title='bbox 640 562 747 626; x_wconf 82' lang='lat' dir='ltr'>bibam</span> <span class='ocrx_word' id='word_1_9' title='bbox 772 562 959 654; x_wconf 83' lang='lat' dir='ltr'>sanguinem</span> <span class='ocrx_word' id='word_1_10' title='bbox 983 564 1108 627; x_wconf 77' lang='lat' dir='ltr'>tunm‘?</span> <span class='ocrx_word' id='word_1_11' title='bbox 1139 581 1211 634; x_wconf 84' lang='lat' dir='ltr'>ecce</span> <span class='ocrx_word' id='word_1_12' title='bbox 1234 563 1298 629; x_wconf 87' lang='lat' dir='ltr'>iam</span> <span class='ocrx_word' id='word_1_13' title='bbox 1322 583 1395 630; x_wconf 92' lang='lat' dir='ltr'>con·</span> 
     </span>
    </p>

    <p class='ocr_par' dir='ltr' id='par_1_3' title="bbox 242 667 1395 752">
     <span class='ocr_line' id='line_1_3' title="bbox 242 667 1395 752; baseline 0.002 -20"><span class='ocrx_word' id='word_1_14' title='bbox 242 667 379 734; x_wconf 84' lang='lat' dir='ltr'>scientia</span> <span class='ocrx_word' id='word_1_15' title='bbox 406 671 568 745; x_wconf 87' lang='lat' dir='ltr'>cruentus,</span> <span class='ocrx_word' id='word_1_16' title='bbox 596 673 690 735; x_wconf 86' lang='lat' dir='ltr'>ueste</span> <span class='ocrx_word' id='word_1_17' title='bbox 719 668 886 734; x_wconf 88' lang='lat' dir='ltr'>dealbatus</span> <span class='ocrx_word' id='word_1_18' title='bbox 913 667 1038 751; x_wconf 81' lang='lat' dir='ltr'>perficit</span> <span class='ocrx_word' id='word_1_19' title='bbox 1064 671 1188 752; x_wconf 76' lang='lat' dir='ltr'>partem</span> <span class='ocrx_word' id='word_1_20' title='bbox 1210 669 1395 752; x_wconf 87' lang='lat' dir='ltr'>pollicitati·</span> 
     </span>
    </p>

    <p class='ocr_par' dir='ltr' id='par_1_4' title="bbox 245 774 1394 872">
     <span class='ocr_line' id='line_1_4' title="bbox 245 774 1394 872; baseline 0.003 -34"><span class='ocrx_word' id='word_1_21' title='bbox 245 774 314 839; x_wconf 88' lang='lat' dir='ltr'>onis</span> <span class='ocrx_word' id='word_1_22' title='bbox 338 794 429 849; x_wconf 88' lang='lat' dir='ltr'>suae;</span> <span class='ocrx_word' id='word_1_23' title='bbox 463 778 565 841; x_wconf 87' lang='lat' dir='ltr'>restat</span> <span class='ocrx_word' id='word_1_24' title='bbox 586 775 792 872; x_wconf 79' lang='lat' dir='ltr'>persultare,</span> <span class='ocrx_word' id='word_1_25' title='bbox 818 778 854 840; x_wconf 91' lang='lat' dir='ltr'>ut</span> <span class='ocrx_word' id='word_1_26' title='bbox 876 775 989 844; x_wconf 86' lang='lat' dir='ltr'>matris</span> <span class='ocrx_word' id='word_1_27' title='bbox 1017 774 1205 859; x_wconf 84' lang='lat' dir='ltr'>sanguinem</span> <span class='ocrx_word' id='word_1_28' title='bbox 1233 776 1332 841; x_wconf 90' lang='lat' dir='ltr'>bibat.</span> <span class='ocrx_word' id='word_1_29' title='bbox 1366 777 1394 841; x_wconf 88' lang='lat' dir='ltr'>si</span> 
     </span>
    </p>

    <p class='ocr_par' dir='ltr' id='par_1_5' title="bbox 211 881 1394 1071">
     <span class='ocr_line' id='line_1_5' title="bbox 244 881 1394 967; baseline 0.002 -22"><span class='ocrx_word' id='word_1_30' title='bbox 244 900 318 966; x_wconf 86' lang='lat' dir='ltr'>ergo</span> <span class='ocrx_word' id='word_1_31' title='bbox 342 882 471 963; x_wconf 77' lang='lat' dir='ltr'>placent</span> <span class='ocrx_word' id='word_1_32' title='bbox 491 882 565 959; x_wconf 88' lang='lat' dir='ltr'>ista,</span> <span class='ocrx_word' id='word_1_33' title='bbox 588 885 741 967; x_wconf 83' lang='lat' dir='ltr'>urgeatur</span> <span class='ocrx_word' id='word_1_34' title='bbox 763 900 781 946; x_wconf 87' lang='lat' dir='ltr'>a</span> <span class='ocrx_word' id='word_1_35' title='bbox 805 882 929 947; x_wconf 78' lang='lat' dir='ltr'>clericis</span> <span class='ocrx_word' id='word_1_36' title='bbox 953 884 985 947; x_wconf 89' lang='lat' dir='ltr'>et</span> <span class='ocrx_word' id='word_1_37' title='bbox 1008 881 1295 947; x_wconf 86' lang='lat' dir='ltr'>sanctificatoribus</span> <span class='ocrx_word' id='word_1_38' title='bbox 1314 883 1394 960; x_wconf 87' lang='lat' dir='ltr'>suis,</span> 
     </span>
     <span class='ocr_line' id='line_1_6' title="bbox 211 988 1179 1071; baseline 0.005 -21"><span class='ocrx_word' id='word_1_39' title='bbox 211 991 282 1052; x_wconf 83' lang='lat' dir='ltr'>sut</span> <span class='ocrx_word' id='word_1_40' title='bbox 303 988 388 1054; x_wconf 90' lang='lat' dir='ltr'>intra</span> <span class='ocrx_word' id='word_1_41' title='bbox 410 992 542 1054; x_wconf 86' lang='lat' dir='ltr'>octonas</span> <span class='ocrx_word' id='word_1_42' title='bbox 566 1008 642 1054; x_wconf 86' lang='lat' dir='ltr'>snas</span> <span class='ocrx_word' id='word_1_43' title='bbox 668 991 782 1066; x_wconf 87' lang='lat' dir='ltr'>totum,</span> <span class='ocrx_word' id='word_1_44' title='bbox 807 989 893 1071; x_wconf 92' lang='lat' dir='ltr'>quod</span> <span class='ocrx_word' id='word_1_45' title='bbox 916 988 1018 1063; x_wconf 87' lang='lat' dir='ltr'>uouit,</span> <span class='ocrx_word' id='word_1_46' title='bbox 1043 988 1179 1055; x_wconf 83' lang='lat' dir='ltr'>erolnat.</span> 
     </span>
    </p>

    <p class='ocr_par' dir='ltr' id='par_1_6' title="bbox 145 1082 1446 1499">
     <span class='ocr_line' id='line_1_7' title="bbox 145 1082 1446 1178; baseline -0.002 -17"><span class='ocrx_word' id='word_1_47' title='bbox 145 1082 171 1144; x_wconf 72' lang='lat'>4</span> <span class='ocrx_word' id='word_1_48' title='bbox 287 1095 408 1161; x_wconf 91' lang='lat' dir='ltr'>Potens</span> <span class='ocrx_word' id='word_1_49' title='bbox 441 1094 648 1178; x_wconf 82' lang='lat' dir='ltr'>estquidam</span> <span class='ocrx_word' id='word_1_50' title='bbox 676 1094 962 1173; x_wconf 44' lang='lat' dir='ltr'>dexteravdomini,</span> <span class='ocrx_word' id='word_1_51' title='bbox 990 1113 1070 1178; x_wconf 91' lang='lat' dir='ltr'>quae</span> <span class='ocrx_word' id='word_1_52' title='bbox 1098 1094 1395 1160; x_wconf 86' lang='lat' dir='ltr'>furoremillinsa</span> <span class='ocrx_word' id='word_1_53' title='bbox 1444 1174 1446 1176; x_wconf 66' lang='lat'>‚</span> 
     </span>
     <span class='ocr_line' id='line_1_8' title="bbox 245 1201 1395 1284; baseline 0.002 -19"><span class='ocrx_word' id='word_1_54' title='bbox 245 1201 362 1267; x_wconf 87' lang='lat' dir='ltr'>misera</span> <span class='ocrx_word' id='word_1_55' title='bbox 389 1201 489 1267; x_wconf 92' lang='lat' dir='ltr'>uidua</span> <span class='ocrx_word' id='word_1_56' title='bbox 516 1208 549 1268; x_wconf 90' lang='lat' dir='ltr'>et</span> <span class='ocrx_word' id='word_1_57' title='bbox 576 1201 721 1268; x_wconf 88' lang='lat' dir='ltr'>desolata</span> <span class='ocrx_word' id='word_1_58' title='bbox 748 1205 931 1284; x_wconf 85' lang='lat' dir='ltr'>compescat</span> <span class='ocrx_word' id='word_1_59' title='bbox 961 1206 994 1266; x_wconf 88' lang='lat' dir='ltr'>et</span> <span class='ocrx_word' id='word_1_60' title='bbox 1026 1201 1258 1284; x_wconf 69' lang='lat' dir='ltr'>comunibus</span> <span class='ocrx_word' id='word_1_61' title='bbox 1291 1201 1395 1267; x_wconf 91' lang='lat' dir='ltr'>modis</span> 
     </span>
     <span class='ocr_line' id='line_1_9' title="bbox 244 1307 1394 1392; baseline 0 -21"><span class='ocrx_word' id='word_1_62' title='bbox 244 1307 344 1382; x_wconf 89' lang='lat' dir='ltr'>nouit,</span> <span class='ocrx_word' id='word_1_63' title='bbox 372 1310 485 1373; x_wconf 89' lang='lat' dir='ltr'>atam</span> <span class='ocrx_word' id='word_1_64' title='bbox 513 1309 669 1374; x_wconf 89' lang='lat' dir='ltr'>scelerata</span> <span class='ocrx_word' id='word_1_65' title='bbox 701 1308 911 1392; x_wconf 74' lang='lat' dir='ltr'>dispositione</span> <span class='ocrx_word' id='word_1_66' title='bbox 943 1307 1110 1372; x_wconf 87' lang='lat' dir='ltr'>deterreat.</span> <span class='ocrx_word' id='word_1_67' title='bbox 1143 1319 1254 1373; x_wconf 77' lang='lat' dir='ltr'>uernam</span> <span class='ocrx_word' id='word_1_68' title='bbox 1287 1311 1394 1374; x_wconf 86' lang='lat' dir='ltr'>tamen</span> 
     </span>
     <span class='ocr_line' id='line_1_10' title="bbox 245 1413 1394 1499; baseline -0.002 -20"><span class='ocrx_word' id='word_1_69' title='bbox 245 1434 303 1499; x_wconf 89' lang='lat' dir='ltr'>ego</span> <span class='ocrx_word' id='word_1_70' title='bbox 328 1417 416 1480; x_wconf 88' lang='lat' dir='ltr'>tanto</span> <span class='ocrx_word' id='word_1_71' title='bbox 445 1414 543 1479; x_wconf 87' lang='lat' dir='ltr'>animi</span> <span class='ocrx_word' id='word_1_72' title='bbox 571 1413 679 1480; x_wconf 89' lang='lat' dir='ltr'>dolore</span> <span class='ocrx_word' id='word_1_73' title='bbox 708 1432 880 1497; x_wconf 87' lang='lat' dir='ltr'>percussus</span> <span class='ocrx_word' id='word_1_74' title='bbox 910 1414 986 1496; x_wconf 88' lang='lat' dir='ltr'>qnid</span> <span class='ocrx_word' id='word_1_75' title='bbox 1013 1415 1161 1482; x_wconf 83' lang='lat' dir='ltr'>facerem.</span> <span class='ocrx_word' id='word_1_76' title='bbox 1189 1413 1250 1481; x_wconf 87' lang='lat' dir='ltr'>nisi</span> <span class='ocrx_word' id='word_1_77' title='bbox 1279 1415 1394 1478; x_wconf 86' lang='lat' dir='ltr'>saltem</span> 
     </span>
    </p>

    <p class='ocr_par' dir='ltr' id='par_1_7' title="bbox 197 1519 1395 2031">
     <span class='ocr_line' id='line_1_11' title="bbox 197 1519 1394 1604; baseline 0 -19"><span class='ocrx_word' id='word_1_78' title='bbox 197 1538 225 1577; x_wconf 86' lang='lat'>1⁰</span> <span class='ocrx_word' id='word_1_79' title='bbox 243 1522 411 1604; x_wconf 78' lang='lat' dir='ltr'>loquerer?</span> <span class='ocrx_word' id='word_1_80' title='bbox 443 1541 483 1587; x_wconf 89' lang='lat' dir='ltr'>aa</span> <span class='ocrx_word' id='word_1_81' title='bbox 516 1541 592 1586; x_wconf 89' lang='lat' dir='ltr'>uero</span> <span class='ocrx_word' id='word_1_82' title='bbox 624 1521 688 1587; x_wconf 88' lang='lat' dir='ltr'>isto</span> <span class='ocrx_word' id='word_1_83' title='bbox 717 1521 766 1586; x_wconf 89' lang='lat' dir='ltr'>illi</span> <span class='ocrx_word' id='word_1_84' title='bbox 797 1520 920 1586; x_wconf 88' lang='lat' dir='ltr'>faciunt</span> <span class='ocrx_word' id='word_1_85' title='bbox 951 1523 983 1585; x_wconf 86' lang='lat' dir='ltr'>et</span> <span class='ocrx_word' id='word_1_86' title='bbox 1015 1520 1095 1585; x_wconf 93' lang='lat' dir='ltr'>mihi</span> <span class='ocrx_word' id='word_1_87' title='bbox 1128 1519 1257 1586; x_wconf 89' lang='lat' dir='ltr'>dicitur:</span> <span class='ocrx_word' id='word_1_88' title='bbox 1290 1520 1394 1586; x_wconf 73' lang='lat' dir='ltr'>Pace?</span> 
     </span>
     <span class='ocr_line' id='line_1_12' title="bbox 245 1627 1395 1709; baseline -0.001 -17"><span class='ocrx_word' id='word_1_89' title='bbox 245 1630 369 1693; x_wconf 71' lang='lat' dir='ltr'>anermt</span> <span class='ocrx_word' id='word_1_90' title='bbox 400 1646 419 1693; x_wconf 86' lang='lat' dir='ltr'>a</span> <span class='ocrx_word' id='word_1_91' title='bbox 450 1647 503 1693; x_wconf 91' lang='lat' dir='ltr'>me</span> <span class='ocrx_word' id='word_1_92' title='bbox 534 1628 684 1695; x_wconf 89' lang='lat' dir='ltr'>dominus</span> <span class='ocrx_word' id='word_1_93' title='bbox 717 1627 798 1692; x_wconf 89' lang='lat' dir='ltr'>banc</span> <span class='ocrx_word' id='word_1_94' title='bbox 826 1628 1008 1706; x_wconf 88' lang='lat' dir='ltr'>amentiam,</span> <span class='ocrx_word' id='word_1_95' title='bbox 1036 1631 1083 1704; x_wconf 89' lang='lat' dir='ltr'>nt,</span> <span class='ocrx_word' id='word_1_96' title='bbox 1112 1647 1186 1694; x_wconf 87' lang='lat' dir='ltr'>curu</span> <span class='ocrx_word' id='word_1_97' title='bbox 1212 1627 1282 1709; x_wconf 92' lang='lat' dir='ltr'>ipse</span> <span class='ocrx_word' id='word_1_98' title='bbox 1314 1627 1395 1691; x_wconf 86' lang='lat' dir='ltr'>mini</span> 
     </span>
     <span class='ocr_line' id='line_1_13' title="bbox 243 1731 1394 1829; baseline -0.002 -31"><span class='ocrx_word' id='word_1_99' title='bbox 243 1734 380 1819; x_wconf 86' lang='lat' dir='ltr'>imperet</span> <span class='ocrx_word' id='word_1_100' title='bbox 392 1752 450 1829; x_wconf 81' lang='lat' dir='ltr'>per·</span> <span class='ocrx_word' id='word_1_101' title='bbox 464 1734 646 1818; x_wconf 82' lang='lat' dir='ltr'>apostolum</span> <span class='ocrx_word' id='word_1_102' title='bbox 662 1753 755 1798; x_wconf 92' lang='lat' dir='ltr'>suum</span> <span class='ocrx_word' id='word_1_103' title='bbox 771 1736 808 1828; x_wconf 70' lang='lat' dir='ltr'>et</span> <span class='ocrx_word' id='word_1_104' title='bbox 818 1733 905 1798; x_wconf 89' lang='lat' dir='ltr'>dicat</span> <span class='ocrx_word' id='word_1_105' title='bbox 919 1733 958 1798; x_wconf 86' lang='lat' dir='ltr'>ab</span> <span class='ocrx_word' id='word_1_106' title='bbox 974 1734 1123 1817; x_wconf 87' lang='lat' dir='ltr'>episcopo</span> <span class='ocrx_word' id='word_1_107' title='bbox 1144 1731 1270 1797; x_wconf 85' lang='lat' dir='ltr'>refelli</span> <span class='ocrx_word' id='word_1_108' title='bbox 1290 1743 1394 1814; x_wconf 86' lang='lat' dir='ltr'>opor-</span> 
     </span>
     <span class='ocr_line' id='line_1_14' title="bbox 243 1837 1381 1924; baseline -0.005 -18"><span class='ocrx_word' id='word_1_109' title='bbox 243 1846 324 1907; x_wconf 88' lang='lat' dir='ltr'>tere</span> <span class='ocrx_word' id='word_1_110' title='bbox 352 1840 546 1917; x_wconf 88' lang='lat' dir='ltr'>docentes,</span> <span class='ocrx_word' id='word_1_111' title='bbox 576 1860 669 1924; x_wconf 87' lang='lat' dir='ltr'>quae</span> <span class='ocrx_word' id='word_1_112' title='bbox 698 1859 767 1904; x_wconf 90' lang='lat' dir='ltr'>nou</span> <span class='ocrx_word' id='word_1_113' title='bbox 797 1843 959 1923; x_wconf 84' lang='lat' dir='ltr'>oportet,</span> <span class='ocrx_word' id='word_1_114' title='bbox 984 1859 1042 1924; x_wconf 87' lang='lat' dir='ltr'>ego</span> <span class='ocrx_word' id='word_1_115' title='bbox 1071 1840 1199 1905; x_wconf 83' lang='lat' dir='ltr'>illorum</span> <span class='ocrx_word' id='word_1_116' title='bbox 1223 1837 1381 1923; x_wconf 86' lang='lat' dir='ltr'>indignati</span> 
     </span>
     <span class='ocr_line' id='line_1_15' title="bbox 244 1944 1395 2031; baseline -0.003 -18"><span class='ocrx_word' id='word_1_117' title='bbox 244 1947 360 2023; x_wconf 87' lang='lat' dir='ltr'>onibus¹</span> <span class='ocrx_word' id='word_1_118' title='bbox 389 1948 521 2013; x_wconf 83' lang='lat' dir='ltr'>territus</span> <span class='ocrx_word' id='word_1_119' title='bbox 554 1952 688 2016; x_wconf 85' lang='lat' dir='ltr'>taceam.</span> <span class='ocrx_word' id='word_1_120' title='bbox 722 1945 806 2029; x_wconf 83' lang='lat' dir='ltr'>quod</span> <span class='ocrx_word' id='word_1_121' title='bbox 840 1946 924 2012; x_wconf 92' lang='lat' dir='ltr'>enim</span> <span class='ocrx_word' id='word_1_122' title='bbox 961 1945 1101 2031; x_wconf 85' lang='lat' dir='ltr'>publicis</span> <span class='ocrx_word' id='word_1_123' title='bbox 1134 1945 1234 2030; x_wconf 85' lang='lat' dir='ltr'>gostis</span> <span class='ocrx_word' id='word_1_124' title='bbox 1267 1944 1395 2009; x_wconf 87' lang='lat' dir='ltr'>haerere</span> 
     </span>
    </p>

    <p class='ocr_par' dir='ltr' id='par_1_8' title="bbox 201 2051 1395 2563">
     <span class='ocr_line' id='line_1_16' title="bbox 201 2051 1395 2140; baseline -0.003 -21"><span class='ocrx_word' id='word_1_125' title='bbox 201 2054 334 2131; x_wconf 63' lang='lat' dir='ltr'>wuolui</span> <span class='ocrx_word' id='word_1_126' title='bbox 366 2057 432 2118; x_wconf 91' lang='lat' dir='ltr'>tam</span> <span class='ocrx_word' id='word_1_127' title='bbox 472 2053 665 2140; x_wconf 79' lang='lat' dir='ltr'>sacrilegum</span> <span class='ocrx_word' id='word_1_128' title='bbox 705 2053 804 2130; x_wconf 86' lang='lat' dir='ltr'>nefas,</span> <span class='ocrx_word' id='word_1_129' title='bbox 837 2053 878 2118; x_wconf 93' lang='lat' dir='ltr'>ad</span> <span class='ocrx_word' id='word_1_130' title='bbox 909 2053 969 2117; x_wconf 91' lang='lat' dir='ltr'>boc</span> <span class='ocrx_word' id='word_1_131' title='bbox 1002 2052 1112 2135; x_wconf 84' lang='lat' dir='ltr'>ntique</span> <span class='ocrx_word' id='word_1_132' title='bbox 1145 2051 1244 2128; x_wconf 80' lang='lat' dir='ltr'>rrolnni,</span> <span class='ocrx_word' id='word_1_133' title='bbox 1277 2069 1315 2115; x_wconf 96' lang='lat' dir='ltr'>ne</span> <span class='ocrx_word' id='word_1_134' title='bbox 1343 2069 1395 2115; x_wconf 89' lang='lat' dir='ltr'>me</span> 
     </span>
     <span class='ocr_line' id='line_1_17' title="bbox 244 2157 1395 2244; baseline -0.003 -19"><span class='ocrx_word' id='word_1_135' title='bbox 244 2157 415 2244; x_wconf 75' lang='lat' dir='ltr'>quisquam</span> <span class='ocrx_word' id='word_1_136' title='bbox 438 2162 573 2227; x_wconf 85' lang='lat' dir='ltr'>maxime</span> <span class='ocrx_word' id='word_1_137' title='bbox 596 2160 726 2232; x_wconf 89' lang='lat' dir='ltr'>inaliis</span> <span class='ocrx_word' id='word_1_138' title='bbox 749 2160 948 2237; x_wconf 87' lang='lat' dir='ltr'>ciuitatibus,</span> <span class='ocrx_word' id='word_1_139' title='bbox 972 2159 1028 2224; x_wconf 91' lang='lat' dir='ltr'>ubi</span> <span class='ocrx_word' id='word_1_140' title='bbox 1052 2164 1265 2241; x_wconf 88' lang='lat' dir='ltr'>opportunum</span> <span class='ocrx_word' id='word_1_141' title='bbox 1287 2157 1395 2235; x_wconf 84' lang='lat' dir='ltr'>fuerit,</span> 
     </span>
     <span class='ocr_line' id='line_1_18' title="bbox 242 2262 1395 2350; baseline -0.002 -21"><span class='ocrx_word' id='word_1_142' title='bbox 242 2266 307 2332; x_wconf 86' lang='lat' dir='ltr'>ista</span> <span class='ocrx_word' id='word_1_143' title='bbox 329 2266 547 2349; x_wconf 78' lang='lat' dir='ltr'>deplorantem</span> <span class='ocrx_word' id='word_1_144' title='bbox 569 2266 689 2350; x_wconf 83' lang='lat' dir='ltr'>fingere</span> <span class='ocrx_word' id='word_1_145' title='bbox 712 2265 834 2349; x_wconf 85' lang='lat' dir='ltr'>aliquid</span> <span class='ocrx_word' id='word_1_146' title='bbox 852 2265 1033 2341; x_wconf 82' lang='lat' dir='ltr'>arbitretur,</span> <span class='ocrx_word' id='word_1_147' title='bbox 1053 2265 1177 2348; x_wconf 91' lang='lat' dir='ltr'>quando</span> <span class='ocrx_word' id='word_1_148' title='bbox 1197 2264 1292 2329; x_wconf 86' lang='lat' dir='ltr'>etiam</span> <span class='ocrx_word' id='word_1_149' title='bbox 1311 2262 1395 2346; x_wconf 86' lang='lat' dir='ltr'>apud</span> 
     </span>
     <span class='ocr_line' id='line_1_19' title="bbox 242 2364 1395 2458; baseline -0.001 -22"><span class='ocrx_word' id='word_1_150' title='bbox 242 2373 346 2455; x_wconf 89' lang='lat' dir='ltr'>ipsam</span> <span class='ocrx_word' id='word_1_151' title='bbox 369 2373 550 2456; x_wconf 85' lang='lat' dir='ltr'>Hipponem</span> <span class='ocrx_word' id='word_1_152' title='bbox 575 2374 639 2438; x_wconf 89' lang='lat' dir='ltr'>iam</span> <span class='ocrx_word' id='word_1_153' title='bbox 663 2372 781 2458; x_wconf 85' lang='lat' dir='ltr'>dicitnr</span> <span class='ocrx_word' id='word_1_154' title='bbox 802 2392 864 2438; x_wconf 95' lang='lat' dir='ltr'>non</span> <span class='ocrx_word' id='word_1_155' title='bbox 889 2374 948 2438; x_wconf 92' lang='lat' dir='ltr'>boc</span> <span class='ocrx_word' id='word_1_156' title='bbox 972 2372 1199 2437; x_wconf 84' lang='lat' dir='ltr'>Proculianum</span> <span class='ocrx_word' id='word_1_157' title='bbox 1217 2364 1395 2447; x_wconf 82' lang='lat' dir='ltr'>mandasse,</span> 
     </span>
     <span class='ocr_line' id='line_1_20' title="bbox 244 2477 912 2563; baseline 0 -20"><span class='ocrx_word' id='word_1_158' title='bbox 244 2477 329 2561; x_wconf 85' lang='lat' dir='ltr'>quod</span> <span class='ocrx_word' id='word_1_159' title='bbox 351 2479 517 2563; x_wconf 87' lang='lat' dir='ltr'>publicum</span> <span class='ocrx_word' id='word_1_160' title='bbox 541 2479 739 2545; x_wconf 79' lang='lat' dir='ltr'>renuntiarit</span> <span class='ocrx_word' id='word_1_161' title='bbox 761 2478 912 2544; x_wconf 83' lang='lat' dir='ltr'>officium.</span> 
     </span>
    </p>

    <p class='ocr_par' dir='ltr' id='par_1_9' title="bbox 149 2576 1397 3093">
     <span class='ocr_line' id='line_1_21' title="bbox 149 2576 1395 2667; baseline 0.002 -23"><span class='ocrx_word' id='word_1_162' title='bbox 149 2576 224 2644; x_wconf 70' lang='grc' dir='ltr'>διο</span> <span class='ocrx_word' id='word_1_163' title='bbox 291 2584 374 2665; x_wconf 81' lang='lat' dir='ltr'>Quid</span> <span class='ocrx_word' id='word_1_164' title='bbox 411 2588 519 2650; x_wconf 86' lang='lat' dir='ltr'>autem</span> <span class='ocrx_word' id='word_1_165' title='bbox 557 2584 734 2650; x_wconf 87' lang='lat' dir='ltr'>modestius</span> <span class='ocrx_word' id='word_1_166' title='bbox 771 2603 865 2667; x_wconf 74' lang='lat' dir='ltr'>agere</span> <span class='ocrx_word' id='word_1_167' title='bbox 902 2603 1085 2667; x_wconf 86' lang='lat' dir='ltr'>possumus.</span> <span class='ocrx_word' id='word_1_168' title='bbox 1125 2603 1220 2665; x_wconf 83' lang='lat' dir='ltr'>qnmn</span> <span class='ocrx_word' id='word_1_169' title='bbox 1257 2585 1294 2646; x_wconf 91' lang='lat' dir='ltr'>ut</span> <span class='ocrx_word' id='word_1_170' title='bbox 1329 2586 1395 2647; x_wconf 89' lang='lat' dir='ltr'>tam</span> 
     </span>
     <span class='ocr_line' id='line_1_22' title="bbox 244 2690 1397 2775; baseline -0.002 -20"><span class='ocrx_word' id='word_1_171' title='bbox 244 2709 376 2775; x_wconf 84' lang='lat' dir='ltr'>grauem</span> <span class='ocrx_word' id='word_1_172' title='bbox 403 2710 544 2756; x_wconf 55' lang='lat' dir='ltr'>&gt;cansam</span> <span class='ocrx_word' id='word_1_173' title='bbox 581 2711 639 2774; x_wconf 86' lang='lat' dir='ltr'>per</span> <span class='ocrx_word' id='word_1_174' title='bbox 675 2695 708 2756; x_wconf 89' lang='lat' dir='ltr'>te</span> <span class='ocrx_word' id='word_1_175' title='bbox 740 2694 847 2758; x_wconf 89' lang='lat' dir='ltr'>tamen</span> <span class='ocrx_word' id='word_1_176' title='bbox 881 2709 983 2773; x_wconf 85' lang='lat' dir='ltr'>agam,</span> <span class='ocrx_word' id='word_1_177' title='bbox 1016 2691 1121 2754; x_wconf 84' lang='lat' dir='ltr'>uirum</span> <span class='ocrx_word' id='word_1_178' title='bbox 1155 2697 1185 2754; x_wconf 88' lang='lat' dir='ltr'>et</span> <span class='ocrx_word' id='word_1_179' title='bbox 1219 2690 1397 2753; x_wconf 82' lang='lat' dir='ltr'>clarissima</span> 
     </span>
     <span class='ocr_line' id='line_1_23' title="bbox 245 2795 1397 2881; baseline -0.003 -19"><span class='ocrx_word' id='word_1_180' title='bbox 245 2797 400 2881; x_wconf 82' lang='lat' dir='ltr'>dignitate</span> <span class='ocrx_word' id='word_1_181' title='bbox 428 2797 607 2879; x_wconf 88' lang='lat' dir='ltr'>praeditum</span> <span class='ocrx_word' id='word_1_182' title='bbox 638 2802 671 2863; x_wconf 89' lang='lat' dir='ltr'>et</span> <span class='ocrx_word' id='word_1_183' title='bbox 698 2797 1015 2872; x_wconf 86' lang='lat' dir='ltr'>considerantissima</span> <span class='ocrx_word' id='word_1_184' title='bbox 1046 2797 1212 2862; x_wconf 87' lang='lat' dir='ltr'>uoluntate</span> <span class='ocrx_word' id='word_1_185' title='bbox 1245 2795 1397 2880; x_wconf 86' lang='lat' dir='ltr'>tranquil-</span> 
     </span>
     <span class='ocr_line' id='line_1_24' title="bbox 244 2902 1395 2989; baseline -0.001 -23"><span class='ocrx_word' id='word_1_186' title='bbox 244 2904 334 2968; x_wconf 74' lang='lat' dir='ltr'>lum?</span> <span class='ocrx_word' id='word_1_187' title='bbox 367 2909 441 2987; x_wconf 92' lang='lat' dir='ltr'>peto</span> <span class='ocrx_word' id='word_1_188' title='bbox 465 2905 574 2989; x_wconf 86' lang='lat' dir='ltr'>igitur,</span> <span class='ocrx_word' id='word_1_189' title='bbox 599 2904 685 2969; x_wconf 86' lang='lat' dir='ltr'>sicut</span> <span class='ocrx_word' id='word_1_190' title='bbox 708 2904 771 2970; x_wconf 87' lang='lat' dir='ltr'>iam</span> <span class='ocrx_word' id='word_1_191' title='bbox 795 2905 896 2986; x_wconf 88' lang='lat' dir='ltr'>petini</span> <span class='ocrx_word' id='word_1_192' title='bbox 920 2923 976 2985; x_wconf 86' lang='lat' dir='ltr'>per</span> <span class='ocrx_word' id='word_1_193' title='bbox 998 2904 1110 2969; x_wconf 82' lang='lat' dir='ltr'>fratres</span> <span class='ocrx_word' id='word_1_194' title='bbox 1135 2909 1271 2978; x_wconf 78' lang='lat' dir='ltr'>nostroe,</span> <span class='ocrx_word' id='word_1_195' title='bbox 1295 2902 1395 2972; x_wconf 78' lang='lat' dir='ltr'>bonos</span> 
     </span>
     <span class='ocr_line' id='line_1_25' title="bbox 245 3009 1396 3093; baseline -0.001 -20"><span class='ocrx_word' id='word_1_196' title='bbox 245 3015 340 3092; x_wconf 83' lang='lat' dir='ltr'>atque</span> <span class='ocrx_word' id='word_1_197' title='bbox 373 3010 524 3075; x_wconf 87' lang='lat' dir='ltr'>honestos</span> <span class='ocrx_word' id='word_1_198' title='bbox 557 3010 656 3088; x_wconf 86' lang='lat' dir='ltr'>uiros,</span> <span class='ocrx_word' id='word_1_199' title='bbox 688 3030 769 3093; x_wconf 87' lang='lat' dir='ltr'>quos</span> <span class='ocrx_word' id='word_1_200' title='bbox 802 3011 842 3075; x_wconf 91' lang='lat' dir='ltr'>ad</span> <span class='ocrx_word' id='word_1_201' title='bbox 875 3017 963 3075; x_wconf 89' lang='lat' dir='ltr'>tuam</span> <span class='ocrx_word' id='word_1_202' title='bbox 996 3011 1208 3075; x_wconf 87' lang='lat' dir='ltr'>eximietatem</span> <span class='ocrx_word' id='word_1_203' title='bbox 1243 3009 1326 3088; x_wconf 85' lang='lat' dir='ltr'>misi,</span> <span class='ocrx_word' id='word_1_204' title='bbox 1359 3016 1396 3073; x_wconf 90' lang='lat' dir='ltr'>ut</span> 
     </span>
    </p>

    <p class='ocr_par' dir='ltr' id='par_1_10' title="bbox 196 3114 1398 3201">
     <span class='ocr_line' id='line_1_26' title="bbox 196 3114 1398 3201; baseline 0.004 -26"><span class='ocrx_word' id='word_1_205' title='bbox 196 3135 225 3175; x_wconf 82' lang='lat' dir='ltr'>as</span> <span class='ocrx_word' id='word_1_206' title='bbox 245 3133 393 3197; x_wconf 80' lang='lat' dir='ltr'>quaerere</span> <span class='ocrx_word' id='word_1_207' title='bbox 418 3116 569 3201; x_wconf 83' lang='lat' dir='ltr'>digneris,</span> <span class='ocrx_word' id='word_1_208' title='bbox 593 3121 702 3182; x_wconf 87' lang='lat' dir='ltr'>utrum</span> <span class='ocrx_word' id='word_1_209' title='bbox 726 3117 907 3182; x_wconf 82' lang='lat' dir='ltr'>Proculiani</span> <span class='ocrx_word' id='word_1_210' title='bbox 932 3117 1096 3199; x_wconf 79' lang='lat' dir='ltr'>presbyter</span> <span class='ocrx_word' id='word_1_211' title='bbox 1120 3115 1229 3181; x_wconf 82' lang='lat' dir='ltr'>Victor</span> <span class='ocrx_word' id='word_1_212' title='bbox 1250 3134 1311 3180; x_wconf 92' lang='lat' dir='ltr'>non</span> <span class='ocrx_word' id='word_1_213' title='bbox 1335 3114 1398 3180; x_wconf 82' lang='lat' dir='ltr'>hoe</span> 
     </span>
    </p>
   </div>
   <div class='ocr_carea' id='block_1_3' title="bbox 337 3341 593 3424">
    <p class='ocr_par' dir='ltr' id='par_1_11' title="bbox 337 3341 593 3424">
     <span class='ocr_line' id='line_1_27' title="bbox 337 3341 593 3424; baseline -0.004 -29"><span class='ocrx_word' id='word_1_214' title='bbox 337 3343 368 3395; x_wconf 90' lang='grc' dir='ltr'>ιι</span> <span class='ocrx_word' id='word_1_215' title='bbox 388 3341 435 3395; x_wconf 79' lang='grc' dir='ltr'>ιιι</span> <span class='ocrx_word' id='word_1_216' title='bbox 463 3342 487 3402; x_wconf 92' lang='grc' dir='ltr'>ι,</span> <span class='ocrx_word' id='word_1_217' title='bbox 507 3342 538 3396; x_wconf 91' lang='grc' dir='ltr'>ιι</span> <span class='ocrx_word' id='word_1_218' title='bbox 590 3417 593 3424; x_wconf 0' lang='lat' dir='ltr'>p</span> 
     </span>
    </p>
   </div>
   <div class='ocr_carea' id='block_1_4' title="bbox 245 3464 1400 4311">
    <p class='ocr_par' dir='ltr' id='par_1_12' title="bbox 281 3464 1400 3535">
     <span class='ocr_line' id='line_1_28' title="bbox 281 3464 1400 3535; baseline 0.002 -17"><span class='ocrx_word' id='word_1_219' title='bbox 281 3466 299 3518; x_wconf 79' lang='lat'><strong>2</strong></span> <span class='ocrx_word' id='word_1_220' title='bbox 318 3464 435 3535; x_wconf 77' lang='lat' dir='ltr'>perfecit</span> <span class='ocrx_word' id='word_1_221' title='bbox 451 3464 515 3519; x_wconf 79' lang='lat' dir='ltr'>Rm</span> <span class='ocrx_word' id='word_1_222' title='bbox 576 3467 654 3535; x_wconf 71' lang='lat' dir='ltr'>dut]</span> <span class='ocrx_word' id='word_1_223' title='bbox 676 3469 707 3519; x_wconf 83' lang='lat' dir='ltr'>ta</span> <span class='ocrx_word' id='word_1_224' title='bbox 725 3464 756 3519; x_wconf 80' lang='lat' dir='ltr'><em>F</em></span> <span class='ocrx_word' id='word_1_225' title='bbox 813 3467 831 3519; x_wconf 79' lang='lat'>4</span> <span class='ocrx_word' id='word_1_226' title='bbox 850 3472 987 3534; x_wconf 79' lang='lat' dir='ltr'>urgeatur,</span> <span class='ocrx_word' id='word_1_227' title='bbox 1006 3482 1074 3522; x_wconf 86' lang='lat' dir='ltr'>corr.</span> <span class='ocrx_word' id='word_1_228' title='bbox 1095 3465 1400 3534; x_wconf 75' lang='lat' dir='ltr'>(r›1.1?)·urgeaturF</span> 
     </span>
    </p>

    <p class='ocr_par' dir='ltr' id='par_1_13' title="bbox 245 3552 1400 4311">
     <span class='ocr_line' id='line_1_29' title="bbox 246 3552 1397 3622; baseline 0.002 -16"><span class='ocrx_word' id='word_1_229' title='bbox 246 3553 361 3612; x_wconf 72' lang='lat' dir='ltr'>baonit</span> <span class='ocrx_word' id='word_1_230' title='bbox 373 3555 471 3622; x_wconf 71' lang='lat' dir='ltr'>primu</span> <span class='ocrx_word' id='word_1_231' title='bbox 488 3552 506 3608; x_wconf 84' lang='lat' dir='ltr'>l.</span> <span class='ocrx_word' id='word_1_232' title='bbox 526 3570 560 3608; x_wconf 78' lang='lat' dir='ltr'>ea</span> <span class='ocrx_word' id='word_1_233' title='bbox 578 3570 647 3609; x_wconf 82' lang='lat' dir='ltr'>corr.</span> <span class='ocrx_word' id='word_1_234' title='bbox 666 3554 695 3607; x_wconf 94' lang='lat' dir='ltr'><strong><em>P</em></strong></span> <span class='ocrx_word' id='word_1_235' title='bbox 783 3554 907 3617; x_wconf 76' lang='lat' dir='ltr'>exsoluit,</span> <span class='ocrx_word' id='word_1_236' title='bbox 928 3570 995 3609; x_wconf 84' lang='lat' dir='ltr'>corr.</span> <span class='ocrx_word' id='word_1_237' title='bbox 1015 3554 1269 3609; x_wconf 82' lang='lat' dir='ltr'>m.1ersolnatM</span> <span class='ocrx_word' id='word_1_238' title='bbox 1345 3555 1397 3608; x_wconf 85' lang='lat' dir='ltr'>8n</span> 
     </span>
     <span class='ocr_line' id='line_1_30' title="bbox 245 3640 1397 3705; baseline 0.001 -10"><span class='ocrx_word' id='word_1_239' title='bbox 245 3656 288 3695; x_wconf 78' lang='grc' dir='ltr'>οιιι</span> <span class='ocrx_word' id='word_1_240' title='bbox 317 3641 407 3696; x_wconf 80' lang='lat' dir='ltr'>MFA</span> <span class='ocrx_word' id='word_1_241' title='bbox 481 3640 612 3705; x_wconf 81' lang='lat' dir='ltr'>deteneat,</span> <span class='ocrx_word' id='word_1_242' title='bbox 631 3649 781 3701; x_wconf 59' lang='lat' dir='ltr'>coronal</span> <span class='ocrx_word' id='word_1_243' title='bbox 800 3643 991 3699; x_wconf 68' lang='lat' dir='ltr'>deterrenti!</span> <span class='ocrx_word' id='word_1_244' title='bbox 1048 3647 1141 3698; x_wconf 83' lang='lat' dir='ltr'>tamen</span> <span class='ocrx_word' id='word_1_245' title='bbox 1160 3661 1210 3698; x_wconf 80' lang='lat' dir='ltr'>orn.</span> <span class='ocrx_word' id='word_1_246' title='bbox 1229 3643 1258 3699; x_wconf 84' lang='lat' dir='ltr'><em>R</em></span> <span class='ocrx_word' id='word_1_247' title='bbox 1310 3644 1397 3698; x_wconf 78' lang='lat' dir='ltr'>roilli</span> 
     </span>
     <span class='ocr_line' id='line_1_31' title="bbox 246 3729 1398 3801; baseline 0.001 -17"><span class='ocrx_word' id='word_1_248' title='bbox 246 3745 303 3784; x_wconf 80' lang='lat' dir='ltr'>rae.</span> <span class='ocrx_word' id='word_1_249' title='bbox 322 3747 356 3784; x_wconf 79' lang='lat' dir='ltr'>ea</span> <span class='ocrx_word' id='word_1_250' title='bbox 374 3729 423 3784; x_wconf 87' lang='lat' dir='ltr'>ilia</span> <span class='ocrx_word' id='word_1_251' title='bbox 441 3729 469 3784; x_wconf 94' lang='lat' dir='ltr'><strong><em>P</em></strong></span> <span class='ocrx_word' id='word_1_252' title='bbox 519 3729 636 3800; x_wconf 77' lang='lat' dir='ltr'>iaciunt]</span> <span class='ocrx_word' id='word_1_253' title='bbox 656 3730 761 3786; x_wconf 80' lang='lat' dir='ltr'>incinit</span> <span class='ocrx_word' id='word_1_254' title='bbox 778 3731 830 3785; x_wconf 90' lang='lat' dir='ltr'>hoc</span> <span class='ocrx_word' id='word_1_255' title='bbox 848 3731 876 3786; x_wconf 88' lang='lat' dir='ltr'><em>R</em></span> <span class='ocrx_word' id='word_1_256' title='bbox 933 3733 963 3786; x_wconf 94' lang='lat' dir='ltr'>ll</span> <span class='ocrx_word' id='word_1_257' title='bbox 985 3733 1027 3801; x_wconf 87' lang='lat' dir='ltr'>ut]</span> <span class='ocrx_word' id='word_1_258' title='bbox 1048 3731 1173 3786; x_wconf 79' lang='lat' dir='ltr'>etcodd.</span> <span class='ocrx_word' id='word_1_259' title='bbox 1193 3749 1235 3786; x_wconf 85' lang='lat' dir='ltr'>ce</span> <span class='ocrx_word' id='word_1_260' title='bbox 1296 3732 1398 3793; x_wconf 82' lang='lat' dir='ltr'>cunnihi</span> 
     </span>
     <span class='ocr_line' id='line_1_32' title="bbox 246 3817 1398 3889; baseline 0.003 -18"><span class='ocrx_word' id='word_1_261' title='bbox 246 3817 324 3884; x_wconf 68' lang='lat' dir='ltr'>(aies)</span> <span class='ocrx_word' id='word_1_262' title='bbox 344 3819 402 3888; x_wconf 86' lang='lat' dir='ltr'>ipse</span> <span class='ocrx_word' id='word_1_263' title='bbox 422 3820 447 3870; x_wconf 79' lang='lat' dir='ltr'><em>A</em></span> <span class='ocrx_word' id='word_1_264' title='bbox 514 3820 547 3874; x_wconf 82' lang='lat' dir='ltr'>la</span> <span class='ocrx_word' id='word_1_265' title='bbox 565 3824 690 3889; x_wconf 87' lang='lat' dir='ltr'>oportere</span> <span class='ocrx_word' id='word_1_266' title='bbox 709 3818 837 3872; x_wconf 83' lang='lat' dir='ltr'>docentes</span> <span class='ocrx_word' id='word_1_267' title='bbox 857 3835 926 3889; x_wconf 87' lang='lat' dir='ltr'>qaae</span> <span class='ocrx_word' id='word_1_268' title='bbox 944 3836 998 3874; x_wconf 90' lang='lat' dir='ltr'>non</span> <span class='ocrx_word' id='word_1_269' title='bbox 1016 3836 1068 3873; x_wconf 84' lang='lat' dir='ltr'>om.</span> <span class='ocrx_word' id='word_1_270' title='bbox 1087 3820 1124 3874; x_wconf 88' lang='grc' dir='ltr'><em>Μ</em></span> <span class='ocrx_word' id='word_1_271' title='bbox 1178 3822 1210 3875; x_wconf 80' lang='lat'>14</span> <span class='ocrx_word' id='word_1_272' title='bbox 1228 3820 1352 3874; x_wconf 88' lang='lat' dir='ltr'>inherere</span> <span class='ocrx_word' id='word_1_273' title='bbox 1371 3821 1398 3875; x_wconf 84' lang='lat' dir='ltr'><em>R</em></span> 
     </span>
     <span class='ocr_line' id='line_1_33' title="bbox 249 3904 1400 3977; baseline 0.002 -19"><span class='ocrx_word' id='word_1_274' title='bbox 249 3904 480 3961; x_wconf 67' lang='lat' dir='ltr'>latomorum</span> <span class='ocrx_word' id='word_1_275' title='bbox 531 3908 692 3977; x_wconf 82' lang='lat' dir='ltr'>sacrilegum</span> <span class='ocrx_word' id='word_1_276' title='bbox 712 3925 742 3970; x_wconf 66' lang='lat' dir='ltr'>cn</span> <span class='ocrx_word' id='word_1_277' title='bbox 759 3923 793 3961; x_wconf 72' lang='lat' dir='ltr'>ex</span> <span class='ocrx_word' id='word_1_278' title='bbox 811 3925 880 3961; x_wconf 72' lang='lat' dir='ltr'>eoru.</span> <span class='ocrx_word' id='word_1_279' title='bbox 901 3912 976 3974; x_wconf 80' lang='lat' dir='ltr'>or.1,·</span> <span class='ocrx_word' id='word_1_280' title='bbox 992 3909 1191 3976; x_wconf 62' lang='lat' dir='ltr'>fuitneatffl</span> <span class='ocrx_word' id='word_1_281' title='bbox 1230 3909 1356 3963; x_wconf 73' lang='lat' dir='ltr'>idiotam</span> <span class='ocrx_word' id='word_1_282' title='bbox 1373 3908 1400 3960; x_wconf 89' lang='lat' dir='ltr'><strong><em>P</em></strong></span> 
     </span>
     <span class='ocr_line' id='line_1_34' title="bbox 283 3994 1397 4061; baseline 0.001 -14"><span class='ocrx_word' id='word_1_283' title='bbox 283 3995 385 4048; x_wconf 82' lang='lat' dir='ltr'>iamin</span> <span class='ocrx_word' id='word_1_284' title='bbox 405 3994 461 4061; x_wconf 75' lang='lat' dir='ltr'>piae</span> <span class='ocrx_word' id='word_1_285' title='bbox 477 4011 505 4047; x_wconf 82' lang='lat' dir='ltr'>u.</span> <span class='ocrx_word' id='word_1_286' title='bbox 524 3995 623 4050; x_wconf 70' lang='lat' dir='ltr'>onass</span> <span class='ocrx_word' id='word_1_287' title='bbox 696 3995 902 4052; x_wconf 85' lang='lat' dir='ltr'>Proculeianum</span> <span class='ocrx_word' id='word_1_288' title='bbox 921 4013 947 4048; x_wconf 85' lang='lat' dir='ltr'>m</span> <span class='ocrx_word' id='word_1_289' title='bbox 1001 3997 1035 4049; x_wconf 80' lang='lat'>20</span> <span class='ocrx_word' id='word_1_290' title='bbox 1053 3996 1195 4049; x_wconf 84' lang='lat' dir='ltr'>molestius</span> <span class='ocrx_word' id='word_1_291' title='bbox 1215 3998 1240 4049; x_wconf 78' lang='lat' dir='ltr'><strong><em>A</em></strong></span> <span class='ocrx_word' id='word_1_292' title='bbox 1301 3997 1333 4050; x_wconf 77' lang='lat'>21</span> <span class='ocrx_word' id='word_1_293' title='bbox 1355 4001 1397 4048; x_wconf 85' lang='lat' dir='ltr'>ta-</span> 
     </span>
     <span class='ocr_line' id='line_1_35' title="bbox 246 4079 1400 4154; baseline 0.002 -18"><span class='ocrx_word' id='word_1_294' title='bbox 246 4098 309 4136; x_wconf 83' lang='lat' dir='ltr'>men</span> <span class='ocrx_word' id='word_1_295' title='bbox 328 4082 365 4136; x_wconf 81' lang='grc' dir='ltr'><strong>Μ</strong></span> <span class='ocrx_word' id='word_1_296' title='bbox 381 4079 478 4144; x_wconf 82' lang='lat' dir='ltr'>(m.1?</span> <span class='ocrx_word' id='word_1_297' title='bbox 495 4080 507 4136; x_wconf 89' lang='lat' dir='ltr'>l</span> <span class='ocrx_word' id='word_1_298' title='bbox 521 4100 577 4151; x_wconf 78' lang='lat' dir='ltr'>pro</span> <span class='ocrx_word' id='word_1_299' title='bbox 595 4089 632 4150; x_wconf 89' lang='grc' dir='ltr'>ιιι)</span> <span class='ocrx_word' id='word_1_300' title='bbox 653 4082 683 4137; x_wconf 86' lang='lat' dir='ltr'><em>F</em></span> <span class='ocrx_word' id='word_1_301' title='bbox 700 4087 777 4148; x_wconf 67' lang='lat' dir='ltr'>(md</span> <span class='ocrx_word' id='word_1_302' title='bbox 792 4085 914 4150; x_wconf 83' lang='lat' dir='ltr'>tantum)</span> <span class='ocrx_word' id='word_1_303' title='bbox 988 4086 1023 4138; x_wconf 77' lang='lat'>22</span> <span class='ocrx_word' id='word_1_304' title='bbox 1040 4085 1209 4154; x_wconf 65' lang='lat' dir='ltr'>praedistuur</span> <span class='ocrx_word' id='word_1_305' title='bbox 1228 4089 1259 4151; x_wconf 57' lang='lat' dir='ltr'>(c,</span> <span class='ocrx_word' id='word_1_306' title='bbox 1272 4084 1353 4150; x_wconf 83' lang='lat' dir='ltr'>erae.)</span> <span class='ocrx_word' id='word_1_307' title='bbox 1372 4085 1400 4138; x_wconf 91' lang='lat' dir='ltr'>P</span> 
     </span>
     <span class='ocr_line' id='line_1_36' title="bbox 284 4168 1398 4241; baseline -0.001 -15"><span class='ocrx_word' id='word_1_308' title='bbox 284 4169 531 4227; x_wconf 67' lang='lat' dir='ltr'>conideratissima</span> <span class='ocrx_word' id='word_1_309' title='bbox 549 4171 580 4225; x_wconf 82' lang='lat' dir='ltr'><em>F</em></span> <span class='ocrx_word' id='word_1_310' title='bbox 618 4173 653 4227; x_wconf 82' lang='lat'>23</span> <span class='ocrx_word' id='word_1_311' title='bbox 672 4168 760 4241; x_wconf 82' lang='lat' dir='ltr'>peoiui</span> <span class='ocrx_word' id='word_1_312' title='bbox 780 4173 829 4232; x_wconf 75' lang='lat' dir='ltr'>(iui</span> <span class='ocrx_word' id='word_1_313' title='bbox 849 4190 883 4226; x_wconf 78' lang='lat' dir='ltr'>ea</span> <span class='ocrx_word' id='word_1_314' title='bbox 901 4189 968 4230; x_wconf 79' lang='lat' dir='ltr'>corr,</span> <span class='ocrx_word' id='word_1_315' title='bbox 989 4188 1024 4228; x_wconf 78' lang='lat' dir='ltr'>aa.</span> <span class='ocrx_word' id='word_1_316' title='bbox 1043 4179 1075 4227; x_wconf 82' lang='lat' dir='ltr'>ut</span> <span class='ocrx_word' id='word_1_317' title='bbox 1092 4173 1151 4227; x_wconf 80' lang='lat' dir='ltr'>uid.</span> <span class='ocrx_word' id='word_1_318' title='bbox 1172 4178 1195 4238; x_wconf 73' lang='lat' dir='ltr'>l)</span> <span class='ocrx_word' id='word_1_319' title='bbox 1217 4173 1246 4227; x_wconf 84' lang='lat' dir='ltr'><em>F</em></span> <span class='ocrx_word' id='word_1_320' title='bbox 1283 4174 1318 4228; x_wconf 77' lang='lat'>25</span> <span class='ocrx_word' id='word_1_321' title='bbox 1332 4173 1398 4227; x_wconf 89' lang='lat' dir='ltr'>Pro·</span> 
     </span>
     <span class='ocr_line' id='line_1_37' title="bbox 247 4255 410 4311; baseline 0 0"><span class='ocrx_word' id='word_1_322' title='bbox 247 4255 364 4311; x_wconf 89' lang='lat' dir='ltr'>culeiani</span> <span class='ocrx_word' id='word_1_323' title='bbox 383 4275 410 4311; x_wconf 84' lang='lat' dir='ltr'>m</span> 
     </span>
    </p>
   </div>
   <div class='ocr_carea' id='block_1_5' title="bbox 0 0 1666 4867">
    <p class='ocr_par' dir='ltr' id='par_1_14' title="bbox 0 0 1666 4867">
     <span class='ocr_line' id='line_1_38' title="bbox 0 0 1666 4867; baseline 0 0"><span class='ocrx_word' id='word_1_324' title='bbox 0 0 1666 4867; x_wconf 95' lang='lat' dir='ltr'> </span> 
     </span>
    </p>
   </div>
  </div>
 </body>
</html>
