3309 4867
579 413 844 483 epistularum
870 405 950 464 XCV·
1187 468 1191 473 .
1273 411 1338 475 509

191 608 377 672 statuere
391 606 528 682 illum,
553 604 636 672 unde
656 606 820 673 confirmat
843 606 882 673 de
904 607 964 699 lois⁴
979 626 1013 672 se
1036 607 1150 687 diosre,
1174 608 1230 692 qni
1251 597 1362 674 intus

191 717 279 777 sunt.
311 715 344 777 et
370 731 481 777 mrsus
508 730 563 778 eos
590 712 726 780 iudicari
753 712 853 789 iubet,
881 732 954 779 oum
983 712 1076 779 dicit:
1105 711 1209 793 Quid
1234 716 1341 780 onim·

96 899 98 902 Ι
191 818 289 884 mihi
307 817 353 883 do
375 817 449 897 his,
473 818 539 901 qui
562 818 666 885 loris
691 823 795 898 sunt,
818 817 1026 894 iudicaret?
1048 838 1176 905 nonne
1195 819 1240 887 de
1262 821 1337 898 his,

192 925 262 1008 qui
288 924 404 990 intus
437 928 542 1004 sunt,
571 944 647 992 noe
679 925 905 993 iudicatis?
937 923 1096 993 auferte
1122 926 1268 992 malum
1295 945 1337 992 ex

151 1030 310 1098 suebis
337 1030 454 1113 ipsis.
482 1030 569 1114 quod
591 1050 665 1098 cum
689 1031 784 1098 etiam
811 1029 992 1097 laciendum
1014 1030 1152 1109 uidetur,
1180 1034 1339 1115 qnatenus

191 1136 256 1212 fiat,
285 1139 420 1220 quantae
447 1154 541 1205 ouras
569 1155 605 1203 ao
637 1136 762 1204 timoris
790 1140 850 1213 est,
873 1156 912 1203 ne
940 1138 1022 1203 forte
1048 1137 1222 1225 contingat,
1254 1137 1338 1220 quod

192 1242 231 1310 ds
257 1243 315 1311 illo
341 1242 411 1328 ipso
434 1233 640 1337 intells'gItur
659 1244 701 1339 in·
721 1243 860 1309 seeundo
887 1244 927 1310 ad
958 1244 1087 1312 eosdem
1120 1243 1259 1329 epistula
1289 1264 1338 1311 oa·

191 1348 330 1417 nendum
362 1348 540 1428 admonere,
576 1371 622 1417 ne
649 1351 801 1417 maiore
838 1349 1032 1427 tristitia
1057 1340 1337 1420 absorbeatur.
1366 1348 1367 1353 ’

190 1456 259 1539 qni
290 1457 379 1523 eius
410 1456 516 1524 modi
552 1460 641 1524 esti*
664 1461 698 1523 et
729 1477 768 1524 ne
799 1458 970 1542 quisquam
1005 1458 1065 1525 hoo
1101 1476 1164 1525 non
1199 1458 1339 1524 multum

137 1563 366 1630 roourandum
406 1568 544 1648 putaret,
589 1564 635 1630 ibi
675 1565 736 1631 ait:
782 1563 834 1631 Ut
874 1582 949 1630 non
994 1564 1281 1649 possideamur
1320 1584 1339 1630 a

191 1672 349 1746 satena;
382 1672 588 1737 nonenim
622 1672 860 1756 ignoramus
888 1674 1045 1737 mentes
1073 1671 1172 1738 eius.
1206 1670 1277 1755 quis
1306 1670 1337 1735 in

190 1777 241 1843 his
280 1776 425 1843 omuibus
460 1779 588 1853 tremor,
624 1778 670 1843 mi
705 1776 850 1856 Pauline,
886 1778 994 1844 sanote
1029 1776 1125 1844 homo
1162 1777 1229 1843 doit
1266 1779 1338 1860 quis

190 1888 318 1964 memor,
346 1901 427 1968 quoe
453 1883 616 1951 tenebrae!
649 1902 752 1950 nonne
778 1887 931 1968 putamus
958 1882 997 1949 ds
1023 1883 1075 1950 lris
1102 1903 1173 1950 esee
1200 1883 1337 1951 dietum:

190 1989 328 2057 Timor
345 1995 385 2055 st
402 1993 553 2070 tremor
571 1992 773 2059 uenerunt
795 2008 917 2072 super
935 2009 992 2055 me
1011 1993 1051 2056 et
1069 1994 1339 2056 contexerunt

139 2122 170 2163 ns
192 2113 250 2161 ms
272 2095 466 2163 tenebras
485 2100 525 2162 et
547 2095 644 2164 dixi:
668 2093 779 2177 ‘Quis
798 2096 914 2162 dabit
935 2095 1034 2162 mihi
1056 2115 1207 2181 pennas
1227 2097 1339 2162 siout

138 2284 140 2287 v
192 2200 416 2281 columbae,
434 2205 474 2269 et
491 2201 640 2270 nolobo
664 2205 705 2268 et
726 2203 1005 2286 roqniosoam?
1028 2221 1120 2269 eooe
1144 2201 1337 2288 elongari

190 2305 358 2392 fugiens
386 2312 427 2374 et
456 2308 584 2375 mensi
616 2309 657 2374 in
680 2308 866 2375 desorto‘.
900 2326 1012 2375 uorum
1040 2311 1146 2373 tamen
1174 2308 1271 2375 stiam
1304 2308 1337 2372 in

191 2413 316 2480 deserto
338 2414 409 2498 ipso
432 2414 579 2481 fortassis
602 2419 750 2500 expertus
774 2414 818 2480 sit
849 2414 936 2498 quod
958 2412 1117 2499 adiungit:
1147 2415 1337 2500 Expecta·

188 2519 276 2586 bam
294 2538 392 2599 enm,
416 2521 486 2605 qui
504 2540 562 2587 me
581 2521 741 2588 saluum
764 2521 961 2587 lnoorete
981 2519 1335 2604 pusillanimitate

136 2646 169 2688 so
189 2630 229 2692 et
250 2629 509 2712 tempestate.
533 2647 647 2713 nempe
666 2646 740 2714 orgo
765 2626 967 2711 temptatio
991 2631 1051 2694 est
1074 2627 1153 2694 nito
1177 2630 1337 2694 humana

191 2748 304 2812 super
327 2733 474 2795 terram.
1143 2726 1148 2733 ’
1349 2744 1353 2749 ·

84 2832 111 2896 4
235 2834 340 2917 Quid?
356 2830 443 2920 *ipsa
468 2834 578 2902 diuina
604 2833 732 2920 eloquin
758 2834 878 2901 domini
906 2853 1008 2900 nonne
1039 2835 1209 2918 palpantur
1230 2834 1338 2919 potius

190 2961 286 3026 quana
313 2946 491 3009 trnetnntur
517 2962 536 3008 a
563 2942 666 3019 nobis,
694 2940 776 3007 dum
798 2941 831 3007 in
858 2941 961 3007 multo
980 2939 1133 3026 pluribus
1156 2941 1338 3025 quaerimus

189 3049 308 3131 potins,
332 3048 410 3132 quid
432 3048 633 3115 sentiendum
656 3049 710 3128 sit,
735 3067 829 3131 quam
849 3047 1015 3113 definitum
1036 3046 1159 3130 aliquid
1180 3045 1339 3129 fixumque

140 3176 172 3219 ns
191 3155 367 3222 sentimus?
399 3158 432 3221 et
464 3174 501 3221 ea
528 3156 634 3223 cautio
663 3174 737 3221 oum
769 3153 995 3222 sollicitudinis
1025 3152 1121 3237 plena
1151 3152 1205 3232 sit,
1235 3152 1338 3218 multo

189 3261 370 3345 meliorest
390 3265 497 3328 tannen
516 3281 612 3344 qnam
633 3262 797 3328 temeritas
817 3260 1012 3327 adfirmandi.
1035 3279 1137 3326 noune
1159 3260 1191 3325 in
1216 3259 1337 3336 multis,

156 3373 160 3377 “
189 3367 218 3432 si
250 3385 312 3434 non
344 3368 519 3434 seeundum
547 3370 673 3436 earnuu
705 3369 800 3434 homo
831 3368 944 3450 sapiat,
977 3385 1073 3451 quum
1100 3370 1237 3433 mortem
1267 3384 1340 3432 esso

189 3473 270 3539 dioit
291 3476 466 3559 apostolus,
492 3493 608 3561 magno
636 3474 784 3542 seandalo
809 3474 931 3553 arilei,
958 3473 1015 3557 qni
1037 3472 1140 3539 adhue
1163 3470 1338 3539 seeundum

166 3598 313 3669 ,earnem
347 3580 441 3665 sapit,
473 3581 529 3647 nbi
556 3586 589 3647 st
616 3580 731 3659 dicero,
765 3580 843 3665 quid
869 3580 1000 3659 sentias,
1032 3577 1339 3663 periculosissimum

139 3711 170 3752 so
189 3691 223 3752 ot
249 3704 310 3752 non
338 3685 441 3752 (liuere
468 3686 758 3754 laboriosissimum
787 3689 820 3752 et
847 3685 945 3765 aliud,
974 3705 1069 3770 quam
1096 3685 1208 3764 sentis,
1236 3683 1340 3749 dicero

135 3857 148 3871 ,
188 3791 496 3877 perniciosissimum
523 3792 595 3860 est?
624 3793 723 3877 quid?
751 3812 824 3859 oum
849 3812 896 3873 ea,
925 3804 1005 3875 quae
1033 3810 1094 3858 non
1128 3791 1338 3877 adprobemus

277 3984 468 4063 unctes,
494 3999 599 4056 12-1e
689 3999 757 4056 sn
782 3998 842 4057 cor.
867 4000 893 4068 a,
913 3999 943 4065 n;
965 4001 995 4054 11
1089 3997 1339 4060 messos-o

188 4085 294 4143 nonu
313 4089 372 4156 n,1
429 4087 696 4153 annones-o

225 4210 432 4268 Summonento
455 4211 482 4266 V
569 4214 605 4268 14
622 4229 706 4284 snpra
728 4211 782 4268 VU
798 4213 859 4268 edd.
951 4208 1337 4268 suessionensem.

187 4301 224 4356 27
243 4297 312 4356 dicit
331 4316 390 4357 esse
412 4299 467 4357 Vn
483 4300 545 4356 edd.
600 4302 633 4358 al
654 4318 715 4357 oum
733 4301 835 4357 ΜΡ
