3309 4867
548 355 812 426 epistularum
841 355 908 411 CIV.
1235 359 1300 423 593

144 550 349 635 parilitatem.
370 568 429 637 ego
450 552 557 615 sutem
577 548 673 632 'snpra
691 550 785 633 posui
805 551 962 634 scriptum
979 550 1011 616 in
1024 550 1148 617 litteris
1167 551 1301 616 nostris:

144 657 372 723 Uuiuersae
409 655 501 721 uiae
534 654 688 722 domini
724 656 1017 724 misericordia
1054 661 1093 722 ot
1130 657 1301 723 ueritas.

145 767 380 846 consequentur
407 762 517 844 itaque
543 761 806 840 misericordium,
837 764 865 830 si
889 784 951 831 nou
972 764 1099 830 oderint
1121 764 1302 830 ueritatem.

145 888 227 953 quse
251 888 315 935 uon
344 869 436 952 quasi
464 888 563 951 aeque
596 861 814 952 peccantibus,
847 889 884 936 uc
916 871 943 936 si
972 871 1172 954 petulantius
1199 870 1301 936 locuti

109 978 221 1053 ssint,
254 974 311 1041 sed
338 975 376 1040 de
410 974 528 1042 scelere
560 975 794 1043 immanissimo
822 979 918 1062 atquo
945 978 1045 1061 impio
1077 981 1164 1043 recte
1195 978 1302 1062 paeni-

144 1081 290 1147 tentibus
314 1080 497 1148 (lhristiuno
525 1082 595 1146 iure
619 1081 762 1148 debetur.
782 1086 829 1152 vtu
857 1103 945 1160 uero,
973 1085 1024 1149 uir
1051 1085 1165 1150 merito
1193 1083 1301 1149 lauda·

144 1188 232 1266 bilis,
255 1208 305 1266 no,
339 1206 470 1270 quaeso,
504 1188 568 1253 ista
599 1188 756 1272 paradoxa
788 1188 969 1256 Stoicorum
1002 1190 1154 1256 sectanda
1186 1189 1301 1254 doceas

144 1294 342 1360 Paradoxum
363 1297 468 1370 tuum,
489 1314 583 1377 quern
602 1294 663 1359 tibi
683 1299 833 1378 optamus
852 1315 927 1362 uera
950 1295 1071 1380 pietate
1090 1315 1125 1361 ac
1150 1296 1303 1362 felicitate

145 1398 367 1485 grandescere.
395 1399 569 1484 namquid
600 1419 773 1484 generosus
803 1401 991 1467 adulescens
1019 1415 1132 1485 supero
1159 1402 1301 1485 iniquius

95 1533 123 1572 ιο
145 1510 180 1572 et
197 1505 258 1571 tibi
276 1505 338 1589 ipsi
361 1506 575 1591 periculosius
599 1508 717 1591 potest,
742 1527 837 1591 quarn
858 1510 886 1574 si
905 1509 1051 1574 conuicio
1073 1509 1106 1573 in
1127 1508 1303 1593 quemlibet

145 1616 329 1679 extraneum
348 1612 487 1678 iaculato
507 1632 568 1678 non
588 1613 660 1679 dico
684 1614 890 1698 parricidium
911 1615 966 1681 ssd
990 1616 1099 1700 ipsum
1122 1615 1153 1680 in
1178 1618 1302 1699 patrem

144 1719 329 1786 conuicium
353 1720 597 1802 coaequanerit?

53 1834 95 1896 16
192 1826 426 1893 Conuenientsr
454 1826 562 1909 itaque
591 1826 676 1910 apud
704 1846 762 1891 nos
792 1847 849 1910 pro
874 1826 1001 1893 ciuibus
1024 1829 1092 1894 tuis
1117 1828 1186 1913 agis
1213 1828 1303 1913 inge·
1364 1838 1366 1841 ’

143 1933 242 1999 reudo
271 1932 364 1998 nobis
393 1932 643 1998 misericordiam
670 1932 925 1999 Christianorum
952 1954 1015 1999 non
1045 1935 1194 1999 duritiam
1219 1892 1316 2000 stoi-⁸

98 2063 125 2102 is
145 2059 267 2117 corum,
291 2056 371 2121 quse
391 2057 506 2103 causus
525 2058 542 2103 a
560 2043 593 2104 te
617 2043 787 2123 susceptae
805 2058 868 2105 non
880 2039 980 2120 ‚modu
1000 2039 1081 2104 nihil
1101 2039 1303 2125 suffragatur,

144 2164 258 2211 uerum
288 2145 385 2212 etioru
414 2144 552 2210 multum
581 2145 779 2211 aduersatur.
808 2165 881 2211 narn
909 2146 1012 2228 ipsam
1040 2145 1302 2221 misericordiam,

146 2271 245 2336 quam
273 2252 300 2316 si
328 2271 389 2318 uon
418 2251 604 2333 babeamus,
637 2252 725 2316 nulla
754 2255 811 2316 tua
843 2251 1008 2335 petitione,
1043 2252 1141 2317 nullis
1173 2251 1302 2317 illorum

145 2358 295 2443 precibus
326 2357 412 2423 flecti
446 2358 634 2441 poterimus,
669 2357 700 2421 in
730 2358 811 2423 uitio
846 2357 946 2423 Stoici
973 2361 1098 2441 ponunt
1125 2376 1257 2440 eamque
1285 2376 1303 2421 a

146 2465 303 2548 sapientis
329 2463 436 2530 auimo
469 2464 597 2548 penitus
626 2465 797 2546 expellunt,
835 2483 928 2547 quern
952 2483 1083 2547 prorsus
1106 2466 1243 2529 ferreum
1272 2468 1305 2528 et
1378 2535 1382 2544 ‚

99 2594 127 2632 ιο
147 2571 351 2636 inflexibilem
390 2573 513 2635 uolunt.
552 2570 668 2635 melius
705 2570 814 2653 itaque
853 2570 912 2635 tibi
947 2574 1137 2644 occurreret,
1171 2569 1209 2633 de
1246 2573 1303 2633 tuo

146 2678 298 2744 Cicerone
322 2677 408 2760 quod
433 2676 564 2752 diceres,
588 2675 643 2757 qni
668 2675 835 2741 Caesarem
859 2675 1008 2740 laudons:
1031 2669 1163 2751 ‘Nulla’,
1185 2673 1302 2756 inquit,

145 2776 197 2848 ‘de
224 2783 401 2849 uirtutibus
429 2783 495 2848 tuis
524 2782 741 2848 admirabilior
768 2783 822 2848 uel
850 2783 970 2867 grutior
991 2781 1210 2848 misericordia
1234 2784 1304 2846 est'.

146 2894 265 2973 quanto
295 2891 398 2975 magis
427 2889 522 2954 debet
549 2903 587 2953 ea
615 2889 645 2953 in
676 2887 822 2954 ecclesiis
851 2891 1046 2971 praeualere,
1075 2887 1200 2970 quando
1229 2906 1302 2951 eum

147 3000 337 3078 sequnntur,
363 2996 415 3078 qni
436 2995 529 3061 dirit:
553 2996 635 3080 Ego
661 3014 744 3060 sum
770 2995 848 3071 uia,
873 2997 906 3059 et
922 2994 1049 3079 legunt:
1075 2995 1302 3060 Uniuersae

101 3105 239 3169 auiae
267 3102 420 3167 domini
451 3100 743 3167 misericordia
772 3105 811 3165 et
840 3101 1009 3166 ueritus.
1039 3101 1106 3165 noli
1135 3119 1209 3184 ergo
1237 3118 1303 3163 me·

146 3218 248 3284 tuere,
280 3209 503 3274 innocentibus
536 3228 574 3273 ne
606 3207 777 3274 moliamur
809 3207 951 3282 exitium,
985 3207 1041 3289 qui
1068 3225 1126 3271 nec
1152 3208 1303 3280 nocentes
1351 3189 1355 3196 ⁴

145 3317 300 3381 uolumus
324 3315 363 3379 ud
388 3315 520 3399 dignum
544 3314 740 3397 supplicium
764 3313 928 3396 peruenire
952 3313 1139 3396 probibente
1167 3330 1224 3377 uos
1247 3312 1305 3376 illa

146 3421 374 3496 misericordia,
410 3440 504 3503 quam
537 3421 568 3484 in
600 3419 728 3485 Christo
762 3438 835 3482 curn
869 3418 1003 3485 ueritate
1036 3417 1211 3502 diligimus.
1246 3417 1303 3482 sed

147 3529 206 3611 qui
228 3528 320 3593 uitiis
342 3527 522 3598 nutriendis
547 3527 649 3610 parcit
673 3530 705 3590 et
728 3525 827 3603 louet,
852 3544 891 3589 ne
912 3525 1079 3589 contristet
1101 3523 1301 3606 peccantium

102 3636 361 3710 snuoluntatsm,
399 3638 464 3697 tarn
502 3653 563 3699 non
598 3638 648 3698 est
679 3632 873 3708 misericors,
911 3650 1004 3713 quarn
1040 3629 1095 3713 qui
1131 3648 1192 3696 uon
1230 3629 1304 3694 nult

148 3741 289 3806 cultrum
313 3759 422 3824 rapere
445 3759 554 3823 puero,
583 3758 622 3803 ne
646 3738 756 3803 audiat
777 3740 975 3820 plorantem,
995 3740 1029 3801 et
1051 3757 1111 3802 non
1136 3736 1238 3814 timet,
1262 3755 1303 3799 ne

147 3848 351 3913 uulneratum
377 3846 483 3911 doleat
506 3846 558 3910 uel
587 3845 772 3911 extinctum.
801 3863 895 3909 seruo
923 3861 997 3928 ergo
1026 3843 1161 3926 tempori
1190 3860 1303 3925 oppor-

147 3961 238 4032 tuno,
258 3952 342 4036 quod
362 3952 446 4036 apud
465 3972 522 4016 nos
541 3971 617 4036 agos
639 3970 693 4035 pro
718 3952 768 4015 his
788 3950 981 4027 bominibus,
1000 3951 1032 4015 in
1053 3969 1188 4032 quorum
1207 3948 1302 4013 dilec-

239 4126 319 4181 srs.
339 4127 383 4184 rs,
405 4126 438 4179 io
520 4127 551 4179 21
574 4124 628 4180 ore.
650 4142 696 4193 pro
712 4124 771 4192 urg.
790 4126 832 4186 12,
847 4125 882 4178 er
965 4126 999 4178 24
1015 4122 1073 4176 ron.
1092 4124 1133 4190 14,
1149 4123 1166 4176 e

187 4250 426 4306 tisamenus
450 4249 475 4301 V
528 4250 561 4302 13
580 4249 620 4302 ais
644 4246 700 4301 Vl'
717 4253 761 4313 (in.
812 4247 951 4316 aguila·
968 4248 1003 4314 os.
1019 4265 1049 4315 p.
1073 4249 1140 4304 585,
1160 4247 1194 4296 12

177 4375 294 4423 xxxrrrr,
309 4374 368 4424 nug.
384 4380 439 4414 seen.
455 4375 477 4413 11
491 4385 543 4424 pm
557 4376 578 4414 s.
1232 4349 1266 4402 38
