3309 4867
1275 419 1305 455 ο
1326 392 1817 472 pistula'risffi·
1868 411 2183 468 Lxxxvn
2716 429 2847 493 3‘o9

434 604 444 608 ‘
538 587 648 685 qui
712 589 881 672 apud
945 593 1319 689 prophetam
1369 598 1774 668 ‘Ezechielem
1842 611 1906 672 et
1959 612 2104 676 ante
2161 614 2584 682 uastationem
2641 620 2841 702 perdi-

532 680 746 762 torum
810 697 1060 818 signari
1125 710 1494 771 meruerunt
1559 712 1642 787 et,
1712 729 1861 776 cum
1925 713 2021 779 illi
2085 718 2506 800 uastarentnr,
2573 725 2841 797 euadere

530 799 777 881 inlaesi
825 803 972 884 nisi,
1021 809 1096 872 ut
1139 807 1225 874 ibi
1276 812 1801 883 manifestissime
1825 822 2224 904 ostenditur,
2274 827 2383 909 qui
2436 835 2720 898 maerent
2775 838 2840 899 et

532 911 795 991 gemunt
838 915 1105 994 peccata
1151 919 1217 981 et
1262 916 1635 1001 iniquitates
1682 925 1903 1007 populi
1950 927 2072 1006 dei,
2121 949 2285 1012 qnae
2331 933 2543 999 fiunt
2526 956 2588 1000 ιιι
2627 938 2835 1004 medio

466 1035 496 1074 a
531 1019 790 1082 eorum?
840 1019 985 1102 quis
1033 1027 1266 1103 autem,
1320 1026 1488 1108 quod
1537 1028 1808 1119 ignorat,
1848 1034 2050 1129 gemit
2085 1039 2152 1100 et
2186 1043 2465 1105 maeret?
2503 1059 2574 1106 ex
2613 1044 2833 1110 eadem

527 1120 769 1188 ratione
847 1125 1038 1191 etiam
1103 1111 1349 1197 Paulus
1428 1122 1761 1218 apostolus
1826 1139 2023 1206 falsos
2088 1143 2313 1210 fratres
2378 1148 2633 1224 tolerat:
2709 1169 2829 1217 non

527 1225 689 1293 euim
739 1227 816 1295 de
866 1230 1212 1317 incognitis
1250 1239 1373 1303 ait:
1425 1239 1713 1310 Omnes
1762 1245 1965 1310 enim
2016 1267 2160 1314 sua
2207 1259 2629 1334 quaerunt,
2678 1276 2824 1323 non

524 1350 722 1414 quae
787 1337 977 1404 Iesu
1046 1340 1383 1424 Christi,
1452 1367 1612 1431 quos
1666 1354 1879 1417 tamen
1930 1373 2147 1421 secum
2193 1358 2393 1425 fuisse
2438 1363 2824 1431 manifestat.

521 1457 593 1502 ex
646 1460 770 1509 ouo
830 1449 1044 1512 autem
1103 1468 1330 1534 genere
1378 1457 1549 1534 sunt,
1598 1458 1708 1540 qui
1754 1460 1860 1525 uel
1906 1461 2222 1530 turificare
2268 1455 2458 1534 idolis
2505 1470 2611 1535 uel
2657 1471 2824 1537 codi-

427 1566 484 1607 ιο
521 1562 647 1641 σεε,
675 1547 926 1616 diuinos
974 1549 1221 1622 tradere
1268 1578 1458 1643 quam
1505 1547 1667 1629 mori
1714 1568 2095 1650 maluerunt,
2143 1571 2268 1637 nisi
2315 1593 2387 1638 ex
2435 1594 2672 1656 eorum,
2713 1579 2821 1661 qui

519 1670 666 1718 sua
711 1666 1135 1743 quaerunt,
1183 1683 1332 1731 non
1382 1687 1580 1750 quae
1626 1672 1812 1738 Iesu
1865 1674 2227 1762 Christi?

397 1772 442 1835 3
624 1776 832 1843 Multa
905 1778 1274 1844 testimonia
1346 1780 1802 1864 scripturarum
1878 1782 2223 1863 praetereo,
2306 1800 2425 1845 ne·
2463 1778 2837 1863 longiorem,

537 1901 725 1966 qaam
772 1902 1035 1950 necesse
1083 1889 1202 1965 est,
1250 1886 1593 1970 epistulam
1640 1887 1889 1965 faciam,
1938 1891 2005 1952 et
2058 1885 2399 1951 eruditioni
2449 1887 2600 1951 tuae
2653 1884 2839 1970 plura

496 1990 646 2073 per
705 1992 770 2056 te
835 1991 1050 2075 ipsum
1119 1993 1574 2060 considerantia
1624 1994 1949 2079 permitto.
2018 1993 2186 2076 quod
2240 1995 2448 2058 tamen
2507 1991 2666 2057 satis
2714 1995 2834 2068 est,

449 2116 498 2156 ιε
534 2093 701 2176 uide,
771 2096 1056 2165 obsecro.
1133 2100 1191 2165 si
1250 2104 1385 2165 tam
1450 2100 1642 2167 multi
1706 2099 1938 2184 iniqui
1960 2099 2026 2165 in
2082 2117 2215 2168 uno
2262 2098 2497 2182 populo
2554 2096 2656 2162 dei
2704 2085 2833 2176 eos,

536 2204 668 2286 qui
734 2223 873 2271 eos
938 2206 1648 2287 contestabantur,
1705 2226 1827 2274 non
1876 2206 2162 2273 fecerunt
2202 2206 2390 2284 tales,
2439 2204 2658 2288 quales
2705 2203 2831 2286 ipsi

534 2313 725 2389 erant,
775 2312 831 2376 si
876 2312 1225 2379 multitudo
1288 2299 1405 2379 illa
1464 2313 1772 2380 salsorum
1838 2302 2103 2379 fratrum
2159 2311 2520 2395 apostolum
2558 2311 2831 2375 Paulum

532 2416 593 2481 in
639 2434 765 2483 una
814 2437 961 2484 cum
1001 2419 1094 2486 eis
1131 2421 1864 2496 ecclesiaconstitutum
1900 2440 2022 2486 non
2060 2419 2216 2486 fecit
2251 2438 2370 2485 sua
2405 2420 2827 2501 quaerentem,

526 2536 651 2589 non
718 2543 880 2608 quae
933 2527 1080 2592 Iesu
1121 2522 1398 2606 Christi,
1455 2528 1866 2595 manifestum
1923 2532 2024 2594 est
2076 2546 2199 2594 non
2247 2527 2371 2592 hoc
2416 2523 2582 2591 effici
2628 2525 2830 2591 homi-

441 2649 496 2688 *ο
530 2648 694 2710 n'em,
758 2633 933 2734 quod
998 2637 1097 2699 est
1158 2634 1368 2701 malus
1427 2636 1785 2718 quisquam,
1844 2653 1988 2701 cum
2047 2654 2171 2718 quo
2220 2633 2297 2698 ad
2345 2633 2541 2698 altare
2590 2630 2828 2697 Christi

530 2738 873 2819 acceditur,
922 2740 1117 2806 etiam
1164 2743 1221 2807 si
1266 2761 1392 2807 non
1442 2742 1530 2808 sit
1571 2742 1963 2827 incognitus,
2011 2741 2067 2805 si
2122 2744 2370 2806 tantum
2426 2757 2549 2805 non
2599 2737 2825 2821 adpro-

525 2844 713 2919 betur
757 2850 823 2912 et
869 2853 907 2914 a
951 2848 1115 2915 bona
1162 2848 1547 2914 conscientia
1589 2848 1982 2932 displicendo
2022 2851 2367 2930 separetur.
2414 2844 2822 2911 manifestum

523 2958 624 3020 est
664 2952 868 3040 igitur
911 2974 1036 3021 non
1083 2972 1224 3020 esse
1271 2954 1449 3020 aliud
1495 2974 1640 3021 cum
1689 2954 1827 3021 fure
1875 2971 2244 3019 concurrere
2289 2952 2412 3018 nisi
2466 2952 2573 3016 uel
2626 2951 2823 3016 furari

522 3078 667 3126 cum
741 3080 816 3128 eo
882 3061 990 3127 uel
1052 3062 1293 3128 furtum
1359 3060 1498 3127 eius
1563 3059 1773 3127 cordis
1836 3060 2077 3143 placito
2140 3058 2439 3142 accipere.
2518 3058 2641 3123 hoc
2704 3075 2819 3123 nos

310 986 341 1005 ἱ

697 3339 723 3394 1
763 3338 960 3394 Erech.
1000 3341 1051 3403 9,
1088 3340 1232 3395 4-6
1368 3342 1398 3394 7
1437 3340 1577 3395 Phil.
1614 3340 1667 3402 2,
1705 3339 1771 3394 21
1907 3331 2064 3393 15'11
2101 3336 2255 3392 Esdr.
2295 3338 2347 3400 9,
2385 3336 2453 3391 26
2586 3335 2650 3388 17
2693 3332 2812 3389 Gal.

516 3428 568 3491 2,
604 3425 921 3492 4;1100r.
965 3428 1046 3493 11,
1087 3430 1156 3484 26
1265 3429 1586 3494 23Ps.49,
1631 3429 1697 3484 18

584 3588 618 3643 3
654 3590 719 3641 nt
753 3587 856 3659 ibi]
899 3587 992 3643 ubi
1027 3589 1319 3644 MFAPa
1358 3588 1503 3659 quod
1538 3589 1617 3653 ibi
1656 3589 1729 3645 R
1856 3592 1888 3644 5
1926 3588 2156 3659 gemitet
2193 3590 2249 3642 et
2284 3585 2414 3643 ΜΓ
2444 3587 2629 3655 gemet
2666 3587 2724 3638 et
2761 3586 2810 3636 A

512 3677 547 3732 6
583 3691 690 3731 ιιοιι
728 3676 1266 3743 enim-manifestat
1301 3694 1405 3732 om.
1445 3681 1518 3731 A·
1685 3678 1745 3732 11
1789 3693 1926 3746 quae
1964 3693 2139 3734 cmm
2300 3676 2366 3729 14
2401 3689 2499 3744 per
2533 3688 2658 3763 oni„
2692 3688 2762 3725 ιιι.
2785 3676 2813 3724 1

513 3765 644 3821 aad.
682 3763 745 3821 F
866 3783 960 3831 es,
995 3769 1124 3823 m..'2
1161 3784 1278 3822 esse
1316 3767 1371 3821 P
1480 3769 1545 3824 15
1584 3766 1746 3823 uideo
1774 3765 2011 3822 MFAP
2149 3781 2242 3820 eos
2280 3765 2372 3834 qui
2409 3779 2501 3818 eos
2539 3765 2812 3817 contesta-

508 3843 708 3910 bantur
751 3856 952 3925 scr-‘psi
997 3857 1060 3911 cl.
1109 3856 1186 3910 II
1226 3856 1398 3912 Esdr.
1448 3861 1500 3921 9,
1549 3861 1660 3925 26;
1705 3872 1797 3912 eos
1846 3855 2293 3911 contestabantur
2337 3852 2494 3909 codd.
2546 3867 2637 3907 eos
2676 3867 2812 3921 quos,

508 3943 958 4000 contestabantur
997 3963 1035 4000 a
1056 3964 1084 4000 e
1119 3962 1211 4000 eos
1260 3945 1354 4015 qui
1400 3962 1458 4002 se
1505 3945 1954 4001 contestabantur
1982 3946 2024 4013 f
2036 3945 2103 3998 lr
2148 3960 2240 3999 eos
2277 3944 2370 4014 qui
2407 3956 2589 4042 secum
2623 3954 2809 3994 uersa-

503 4031 703 4100 bantur
738 4050 792 4086 m
879 4033 944 4088 17
981 4035 1160 4105 erant]
1200 4034 1420 4089 fuerunt
1454 4034 1529 4090 M
1608 4034 1676 4089 18
1713 4049 1813 4088 sna
1849 4038 2162 4104 querentem
2200 4031 2333 4086 fecit
2366 4033 2539 4100 tiques
2574 4043 2711 4083 corr.
2741 4027 2814 4081 M

508 4123 574 4178 19
617 4139 727 4178 ιιοιι
775 4122 939 4194 quae]
986 4121 1083 4178 sed
1129 4140 1268 4194 qnae
1319 4123 1444 4179 MR
1658 4122 1950 4187 hominem,
1996 4139 2065 4176 m.
2088 4125 2128 4176 2
2174 4121 2447 4175 hominem
2490 4117 2692 4173 malum
2739 4115 2814 4170 M

502 4212 1015 4269 ascenderimus
1052 4215 1185 4278 (raa.
1223 4217 1371 4267 1-2
1406 4213 1464 4280 Ι.)
1501 4212 1556 4266 Ρ
1661 4213 1732 4268 23
1769 4227 1878 4265 ιιοιι
1916 4226 2034 4266 esse
2072 4210 2243 4280 igitur
2280 4208 2348 4262 A.
2447 4207 2588 4277 sure]
2627 4206 2806 4261 furore

501 4302 582 4371 (ro
619 4300 761 4371 exp.)
800 4298 874 4354 M
977 4301 1044 4355 24
1084 4298 1456 4366 suriumftum
1495 4303 1545 4354 A
