3309 4867
586 366 850 438 epistularum
878 366 957 424 CXX.
1285 371 1348 435 715

202 563 369 630 intellectu
402 562 529 628 omniuo
567 560 733 629 abhorrere
771 562 934 646 apostolus
970 560 1064 627 testis
1101 563 1160 638 est,
1197 560 1254 625 ubi
1289 560 1348 627 ait:

201 669 446 759 Inuisibilia
474 669 578 735 euim
607 669 694 734 eius
727 688 746 735 a
773 667 1081 735 constitutione
1112 666 1249 744 muudi
1280 683 1350 749 por

201 794 255 854 ea,
280 792 380 859 quae
403 776 515 841 tacto
534 777 638 851 suut,
661 774 884 840 intellecta
903 773 1230 860 conspiciuntur,
1255 790 1349 856 sem·

200 882 364 965 piterna
387 899 546 966 quoque
565 882 654 946 sius
677 880 813 946 uirtus
838 869 1119 946 ac'diuiu'itas.
1144 898 1182 945 ac
1204 878 1349 963 neubon,

168 1008 276 1055 ocum
305 984 414 1053 eadem
443 979 569 1053 trinitas
596 986 708 1053 lecerit
735 991 769 1053 et
795 1006 911 1071 corpus
934 991 967 1053 et
994 986 1142 1063 animam,
1170 985 1239 1051 siue
1261 984 1351 1050 dubi-

201 1095 322 1160 tatione
356 1098 406 1160 est
436 1098 573 1188 utroquo
608 1094 828 1177 praestantior.
867 1087 976 1160 anima
1002 1093 1111 1176 itaque
1129 1091 1348 1158 considerata
1477 1124 1483 1141 ·

189 1199 337 1266 maxime
374 1202 513 1268 hermano
544 1204 577 1266 et
607 1200 769 1266 rationalis
801 1207 897 1286 atque
928 1198 1164 1278 intellectualis,
1198 1213 1278 1282 quae
1311 1195 1352 1261 ad

202 1308 273 1373 eius
293 1307 466 1392 imaginem
488 1307 573 1372 lacta
595 1309 654 1386 est,
678 1306 706 1372 si
730 1306 940 1391 cogitationes
961 1307 1088 1371 ‘nostrae
1112 1308 1145 1370 et
1166 1302 1351 1387 intellegam

202 1413 265 1478 tias
292 1431 354 1478 uon
383 1413 526 1488 euicerit,
559 1412 615 1478 ssd
643 1414 723 1490 eius,
751 1413 836 1496 quod
863 1411 961 1480 habet
989 1411 1209 1495 nmeeipnum,
1241 1408 1352 1474 idest

157 1542 184 1581 ιο
202 1521 305 1606 ipsam
332 1524 470 1585 mentem
499 1524 594 1602 atquo
616 1519 868 1604 intellegentiam
890 1521 997 1586 monte
1020 1519 1114 1601 atque
1135 1514 1353 1601 intellegentia
1442 1587 1444 1592 ¹

203 1626 401 1711 potuerimus
420 1626 663 1710 adprehendere,
685 1645 748 1693 uon
767 1626 828 1690 erit
847 1624 997 1692 somissis
1020 1621 1266 1706 absurdummt
1282 1639 1352 1685 eam

204 1733 244 1799 ad
280 1752 375 1799 suum
409 1752 537 1818 quoque
578 1737 752 1799 creatorem
788 1731 1036 1818 intellegendum
1072 1728 1143 1815 ipso
1181 1722 1353 1794 adiuuante

203 1838 395 1920 meditemur
430 1838 593 1905 adtollere.
635 1839 663 1905 si
700 1842 808 1905 autom
844 1839 877 1903 in
914 1857 949 1904 so
985 1837 1057 1920 ipsa
1088 1820 1196 1902 deficit
1227 1834 1351 1917 sibique

204 1932 397 2024 succumbit,
429 1944 483 2028 pia
513 1943 575 2009 tide
607 1947 756 2011 contenta
786 1944 840 2021 sit,
873 1954 968 2027 quam
999 1943 1054 2009 diu
1084 1941 1303 2027 peregrinatur
1334 1960 1354 2005 a

159 2073 185 2112 ιο
205 2051 343 2128 domino,
367 2049 467 2117 donec
494 2049 551 2116 fiat
576 2051 609 2116 iu
635 2051 774 2128 homine,
797 2049 884 2133 quod
910 2048 1104 2134 promissum
1129 2050 1188 2126 ost,
1217 2045 1351 2113 faciente

203 2157 365 2244 illo‚qui
392 2160 636 2239 potensest,
666 2158 752 2222 sicut
778 2157 824 2222 ait
852 2156 1028 2240 apostolus,
1056 2155 1190 2222 tacere
1219 2170 1351 2236 supra,

205 2282 320 2348 quam
342 2265 520 2346 petimus
545 2266 585 2328 et
605 2262 904 2349 intellegimus.

16 2375 79 2444 ΙΙΙ
107 2369 158 2436 13
251 2367 338 2448 Quae
367 2388 439 2435 cum
471 2368 518 2434 ita
548 2369 623 2447 sint,
637 2428 640 2432 ⁴
655 2369 782 2435 iuterim
815 2370 901 2448 uolo,
933 2371 972 2435 ut
1000 2368 1091 2453 legas
1118 2385 1166 2446 aa,
1200 2384 1280 2449 quae
1313 2363 1353 2428 nd

204 2477 301 2543 islam
330 2476 549 2560 quaestionem
575 2475 767 2559 pertinentia
792 2476 857 2540 ia'm
883 2477 988 2541 multa
1014 2472 1270 2557 conscripsimus,
1296 2470 1354 2536 illa

159 2603 189 2644 eo
206 2583 315 2665 etiam,
343 2602 423 2667 quae
455 2583 487 2647 iu
519 2582 667 2647 manibus
698 2582 853 2647 habemus
882 2586 915 2647 et
944 2584 1072 2665 propter
1101 2577 1351 2662 magnitudinem

205 2694 272 2755 tam
300 2688 440 2755 difficilis
472 2680 668 2772 quaestionis
700 2687 840 2752 nondum
870 2705 1045 2773 possumus
1073 2685 1238 2769 explicare.
1270 2701 1353 2750 nuuc
1413 2763 1417 2788 ι

206 2815 282 2863 uero
300 2800 373 2862 tene
391 2795 582 2862 inconeussa
600 2793 662 2860 tide
680 2798 800 2878 patrem
821 2798 854 2859 et
872 2793 974 2859 lilium
989 2797 1023 2858 et
1040 2791 1189 2878 spiritum
1207 2794 1352 2856 sanctum

205 2920 278 2974 essa
304 2902 480 2969 trinitatem
508 2905 541 2966 et
566 2906 670 2967 temen
702 2920 801 2965 uuum
829 2900 936 2978 deum,
968 2918 1029 2965 uon
1058 2896 1143 2983 quod
1174 2897 1220 2962 sit
1244 2914 1353 2961 eorum

206 3009 386 3075 communis
405 3006 496 3092 quasi
515 3005 807 3090 quamanimae,
827 3005 884 3071 eeu
903 3003 988 3090 quod
1007 3005 1050 3072 sit
1066 3005 1138 3089 ipsa
1155 3001 1356 3070 ineffabiliter

158 3132 186 3176 re
206 3115 426 3198 inseparabilis
444 3113 582 3190 trinitas,
605 3117 791 3198 panemque
814 3113 920 3179 solum
943 3110 1092 3198 genuisse
1114 3109 1217 3178 filium
1239 3107 1355 3173 filium·
1465 3103 1467 3110 ’

207 3239 270 3305 que
294 3223 397 3287 solum
421 3240 440 3286 a
461 3223 551 3304 patre
578 3219 733 3306 genitum,
762 3219 908 3302 spiritum
932 3236 1008 3284 nero
1032 3219 1177 3283 sanetum
1202 3219 1235 3280 et
1255 3213 1354 3297 patris

208 3346 279 3394 esso
312 3329 345 3392 et
380 3326 437 3392 filii
474 3326 632 3410 spiritum.
672 3331 705 3393 ot
735 3324 889 3408 quicquid
919 3324 990 3397 tibi,
1023 3342 1096 3390 cum
1127 3322 1190 3388 ista
1222 3320 1383 3408 cogitas„

299 3570 409 3625 tRom.
430 3570 453 3634 1,
472 3569 509 3624 20
564 3567 804 3632 mutones
861 3564 1081 3637 respuam

247 3730 398 3785 lomnimo
417 3730 499 3798 (sict)
519 3727 553 3783 Τι
571 3721 644 3783 omini
660 3725 837 3783 modoBOT
884 3723 1004 3796 terrim]
1022 3721 1105 3778 etiarn
1122 3721 1238 3781 ΟΡΤΤι
1297 3721 1355 3777 eins

176 3865 182 3870 .
209 3836 261 3878 om.
284 3818 346 3874 crldr
364 3826 477 3888 practer
495 3834 515 3871 o
620 3817 637 3872 3
661 3815 972 3882 sunt.in.c.s.(es‘c!)
997 3827 1104 3884 quoque
1127 3813 1216 3866 uirtus
1239 3811 1298 3865 eius
1320 3810 1355 3865 Τι

209 3910 227 3963 4
245 3907 333 3962 uirtus
353 3907 395 3977 ac]
415 3901 503 3960 uirtus
521 3910 551 3960 et
571 3901 626 3960 OT
677 3907 694 3960 6
713 3905 817 3959 aanima
829 3903 858 3957 B
913 3905 929 3957 9
947 3901 1123 3973 praecipuum
1139 3899 1225 3956 habet
1240 3898 1356 3955 οΡ1’1’ι

209 3997 245 4052 12
271 4011 378 4066 quoque
403 3993 438 4048 ad
463 4005 541 4049 snum
565 3996 713 4048 creatorem
744 3992 823 4047 OP'l'
847 3991 881 4046 ad
906 4003 987 4050 auum
1009 3993 1158 4045 creatorem
1183 4003 1291 4058 quoque
1320 3986 1355 4042 Τ1

213 4082 381 4153 ltaibique]
399 4081 445 4137 uel
466 4080 520 4136 OT
536 4084 584 4135 sut
602 4081 631 4133 P
715 4080 749 4136 17
769 4084 817 4134 ant
834 4079 862 4138 P
879 4077 940 4133 eda.
958 4092 1009 4132 sec.
1027 4091 1100 4133 socr.
1120 4075 1172 4133 litt.
1255 4075 1289 4130 19
1306 4074 1356 4129 ille

212 4177 235 4239 (·
254 4169 356 4239 Μ)
375 4171 404 4225 Β
510 4168 711 4225 minorabilis
731 4166 967 4239 etinseparabills
988 4164 1101 4221 ΟΡΤΤ1
1121 4163 1181 4220 edd.
1199 4170 1312 4234 praeter
1327 4171 1361 4219 m·

211 4263 245 4317 27
265 4263 294 4315 et
311 4260 361 4314 filii
380 4276 437 4314 csse
459 4258 535 4314 0Pr
550 4257 611 4315 aad.
