3309 4867
442 407 707 477 epistularum
734 405 817 462 xclt.
847 404 923 461 xcu
941 408 972 460 Α.
1001 406 1098 461 xciii.
1280 412 1344 476 445

189 601 262 667 eius
287 601 318 665 in
343 619 381 666 eo
405 599 564 684 deligitur,
588 605 626 665 ut
647 599 681 664 id
709 618 744 665 se
772 604 957 683 praesumat
986 650 1343 670 ...............

190 727 252 792 apo
275 712 384 773 antem
407 706 527 789 gratias
551 705 714 772 dilectioni
738 705 828 781 tuae,¹
847 704 933 790 quod
957 706 1035 772 mihi
1064 727 1110 784 ea,
1139 727 1220 792 quae
1247 727 1344 793 popo·

190 814 250 889 sci,
273 813 408 898 legende
430 812 559 878 misisti.

709 1003 824 1071 xciii.

151 1177 169 1219 e
324 1144 582 1201 nrnne'rrssmo
602 1108 736 1200 nauum
755 1144 956 1202 vrncnnrno
975 1144 1217 1203 eueusnnnns

18 1286 31 1348 1
71 1286 85 1347 1
236 1274 352 1358 Accepi
385 1274 565 1357 epistulam,
599 1291 695 1356 quam
726 1275 815 1337 tuam
848 1289 919 1338 esse
951 1291 1013 1339 non
1044 1268 1139 1339 mihi·
1159 1273 1343 1340 incredibile

191 1383 300 1448 nisum
330 1383 393 1457 est3
426 1377 544 1444 adtulit
571 1380 654 1443 enini
685 1398 765 1456 eam,
789 1398 884 1461 quem
908 1378 1101 1445 catholicum
1126 1378 1342 1447 Christianum

189 1507 263 1553 esse
287 1489 456 1564 constaret,
480 1485 546 1568 qui,
566 1493 604 1551 ut
621 1487 742 1569 opinor,
762 1484 842 1550 milri
861 1485 988 1550 mentiri
1006 1486 1121 1552 andere
1140 1505 1202 1553 non
1221 1492 1341 1570 posset.

189 1592 249 1663 sed
281 1593 341 1658 etsi
374 1592 456 1657 torte
478 1610 550 1658 'non
584 1597 660 1657 aaut
691 1592 815 1657 litterae
849 1596 936 1667 tuae,
965 1610 1025 1677 ego
1053 1593 1093 1671 ei,
1122 1593 1176 1676 qui
1201 1592 1340 1677 sc'ripsit,

134 1731 168 1766 m
188 1699 427 1786 r·escribendnm
459 1700 572 1782 putaui
600 1717 683 1764 nuuc
709 1714 763 1764 me
786 1699 894 1781 potius
918 1698 1037 1781 quietis
1061 1702 1131 1765 esse
1154 1698 1286 1764 auidum]
1310 1702 1343 1764 et

189 1786 352 1890 petentem
388 1824 483 1889 quam
520 1806 605 1880 tunc,
644 1822 717 1869 cum
755 1822 811 1891 me
844 1803 1080 1869 adulescentem
1125 1804 1201 1870 uiue
1239 1802 1341 1870 adhuc

188 1914 326 1998 Rogato,
350 1911 401 1977 eni
426 1910 624 1989 successisti,
648 1910 733 1994 apud
752 1908 976 1994 Carthaginem
994 1928 1139 1977 noueras.
1164 1911 1221 1977 aed
1240 1911 1342 1976 Dona·

189 2018 288 2085 ticine
313 2018 448 2083 nimium
475 2017 609 2102 inquieti
640 2002 725 2095 sunt,
740 2017 835 2101 'quos
867 2015 1105 2099 perordinans
1129 2037 1147 2082 a
1170 2017 1230 2083 deo
1253 2020 1341 2102 pote·

190 2128 293 2191 states
317 2124 457 2190 cohiberi
486 2126 581 2207 atque
597 2121 723 2210 corrigi
749 2142 810 2189 non
841 2123 920 2188 mihi
948 2122 1076 2189 uidetur
1108 2124 1233 2190 inutile.
1266 2142 1339 2189 nam

133 2261 167 2302 ‚a
190 2229 232 2294 de
264 2230 437 2296 multomm
469 2229 533 2294 iam
566 2230 760 2296 correctione
793 2228 981 2323 gandemus,
1010 2230 1066 2313 qni
1091 2234 1158 2295 tarn
1186 2230 1342 2296 ueraciter

189 2335 345 2401 unitatem
383 2336 573 2402 catholicam
611 2340 723 2401 tenent
758 2338 863 2417 atqcue
887 2333 1062 2401 defendant
1093 2340 1126 2401 ct
1157 2355 1176 2401 a
1206 2336 1341 2423 pristino

188 2461 293 2508 errore
320 2461 355 2508 sa
381 2441 531 2507 liberatos
561 2461 633 2508 esse
659 2444 827 2519 laetantur,
856 2447 894 2507 ut
921 2460 976 2507 eos
1000 2460 1071 2507 cum
1096 2461 1213 2527 magna
1234 2446 1342 2526 gratu·

187 2547 308 2615 latone
332 2548 492 2614 miremur.
518 2548 572 2630 qui
594 2552 701 2614 tamen
725 2549 832 2613 nescio
856 2567 926 2631 qua·
941 2547 978 2649 ui*
995 2546 1235 2615 consuetudinis
1252 2548 1342 2613 nullo

1409 1096 1421 1163 ‘i

228 2794 241 2847 l
261 2792 395 2847 laeenam
412 2791 574 2861 aipue'flcam'
627 2790 643 2845 3
662 2790 782 2862 Explicit
799 2789 834 2845 ad
853 2791 1010 2862 cyprianum
1029 2791 1215 2863 presbyterum
1233 2792 1264 2847 Ε

297 2910 334 2988 Ji!
350 2928 385 2981 ='
403 2932 463 2990 cod.
481 2932 663 2988 Mormcenoia
684 2935 765 2988 6266
781 2950 803 2988 s.
824 2934 860 2987 X.

298 3024 324 3076 A
353 3046 386 3068 =
406 3021 464 3075 cod.
483 3021 793 3092 Audomcropolitcnue
814 3025 860 3084 76,
882 3024 988 3079 8.,91.
1009 3022 1130 3080 X-XL

300 3112 324 3162 t'
352 3134 385 3157 =
405 3109 463 3165 cod.
482 3109 647 3183 Coniuncta
668 3107 726 3164 16¹⁰
742 3125 764 3166 e.
784 3110 838 3163 XI.

297 3199 325 3254 P
349 3223 383 3245 ε
403 3197 462 3254 eod.
480 3198 635 3253 Parenta
652 3213 719 3252 noae.
738 3214 789 3266 cop
818 3202 894 3273 1444
912 3214 933 3251 a.
954 3200 1009 3252 XI.

299 3285 332 3340 N
352 3312 385 3333 =
405 3287 464 3342 eod.
483 3287 677 3341 deodatensis
697 3289 756 3340 949
774 3276 856 3351 (336)
875 3302 898 3342 e.
917 3287 979 3351 XL·
997 3287 1111 3342 deseret.-

400 3393 430 3446 ρ.
452 3379 521 3442 115,
543 3379 560 3430 5
580 3406 611 3415 -
636 3378 703 3438 ree.
723 3378 760 3428 1⁷
777 3376 874 3437 etiem

402 3482 430 3533 p.
451 3466 520 3527 466,
540 3469 559 3516 3
577 3464 686 3534 operuit
704 3493 739 3504 -
760 3465 826 3525 469,
846 3466 881 3516 14
901 3469 1017 3533 quanto:

400 3570 431 3622 p.
453 3556 521 3617 476,
540 3556 577 3608 16
594 3552 753 3606 testimonio
770 3582 804 3591 -
826 3554 894 3613 479,
911 3554 965 3615 25;

399 3642 913 3711 pmmmm-me

299 3731 325 3785 u
354 3752 386 3776 ι·-
406 3728 464 3785 cod.
484 3729 560 3785 Mus.
579 3730 653 3783 Brit.
670 3716 739 3799 ‘Rep
762 3732 779 3781 6
797 3727 827 3782 D
850 3727 896 3783 VI
910 3743 938 3782 cx
953 3728 1110 3784 XI-Xll.

299 3817 324 3872 L
352 3844 386 3901 'J'
405 3817 463 3905 cod.
483 3817 654 3873 Marciorum
674 3820 734 3871 637
751 3834 772 3871 a.
794 3816 866 3871 xli.

226 3946 243 3995 ἴ»
262 3942 477 4010 Inscriptiom
488 3956 540 3994 om.
555 3941 581 3994 L
635 3939 816 4011 Augustinus]
837 3939 998 4010 ungustiuus
1017 3942 1044 3995 in
1060 3940 1169 3997 domino
1183 3941 1297 3997 salutern
1313 3941 1341 3995 R

188 4036 208 4085 6
227 4031 320 4101 accipe
340 4032 366 4084 A
438 4028 506 4083 milri
525 4046 578 4083 nou
598 4029 669 4082 trm
757 4028 893 4083 Soudere
912 4044 967 4083 non
985 4031 1090 4099 posset]
1109 4046 1163 4084 non
1182 4029 1298 4086 cuderet
1316 4030 1342 4084 L

187 4118 254 4173 edd.
310 4119 344 4173 12
363 4117 446 4188 apud}
467 4120 496 4171 ct
515 4116 587 4187 apud
601 4117 628 4171 L
679 4118 712 4171 14
732 4116 867 4171 cohiberi³
889 4118 986 4186 (posu.
1002 4118 1019 4172 l.
1034 4134 1067 4172 m.
1084 4123 1099 4171 1
1113 4119 1146 4172 in
1157 4134 1215 4174 ras.
1232 4120 1294 4185 ot.)
1308 4119 1346 4172 M

227 4207 295 4262 mihi
314 4224 367 4261 non
387 4204 447 4260 edd.
518 4208 551 4261 17
570 4210 601 4261 ut
619 4206 802 4277 nuapualeoa,
820 4220 891 4261 corr.
911 4204 975 4259 nu!
990 4214 1019 4259 ut
1038 4220 1097 4260 curn
1115 4206 1289 4276 mugnaieos
1309 4207 1344 4260 Jl

192 4296 227 4351 te
241 4295 313 4350 mtto
331 4294 367 4350 M
