3309 4867
610 422 876 492 epistularum
904 421 983 476 XCV.
1226 480 1230 487 .
1310 428 1375 490 513

220 623 266 696 ut,
299 618 384 701 quod
416 616 600 683 hominibus
629 619 854 699 apparuerunt,
888 635 948 682 non
977 616 1017 681 sd
1049 616 1223 683 salsitatem
1251 615 1307 682 sed
1337 618 1377 683 sd

217 725 307 788 illam
330 727 525 807 potestatem
544 742 586 788 ac
604 723 793 788 facilitatem
813 718 1006 807 spiritalium
1026 742 1194 807 corporum
1211 723 1375 789 referetur.

218 830 277 897 sed
300 829 371 895 siue
397 830 537 897 habeant
559 830 664 915 angeli
697 847 829 911 corpora
857 829 927 894 siue
951 829 1120 912 quisquam
1144 829 1249 912 possit
1272 833 1376 895 osten·

217 935 302 1012 dere,
326 936 480 1018 quemad
503 936 634 1002 modum
655 946 787 1019 corpora
804 954 867 1001 non
891 934 1044 1001 hebentes
1068 955 1178 1020 gerere
1196 935 1252 1001 illa
1270 936 1376 1003 omnia

180 1042 391 1126 epotuerint,
425 1043 456 1107 in
489 1041 546 1107 ills
576 1045 683 1108 tamen
717 1041 848 1107 ciuitate
882 1043 1075 1120 sanctorum,
1109 1041 1166 1107 ubi
1193 1042 1288 1109 etium
1320 1061 1376 1126 per

220 1147 381 1213 Christum
421 1148 579 1234 redempti
618 1168 637 1214 a
673 1148 943 1232 generatione
980 1148 1053 1213 heo
1088 1147 1128 1213 in
1166 1153 1374 1214 aeternum

218 1232 458 1340 coniunguntur¹
470 1254 601 1320 milibus
620 1253 815 1341 angelorum,
836 1272 933 1319 uoces
953 1255 1131 1338 corporales
1151 1273 1211 1319 non
1236 1256 1374 1319 latentes

218 1360 342 1425 animos
375 1361 570 1438 indicabunt,
604 1361 680 1444 quia
711 1360 742 1424 in
774 1359 831 1425 illa
863 1360 1016 1427 societate
1043 1360 1154 1426 diuina
1181 1360 1262 1427 nihil
1288 1362 1374 1445 eogi-
1476 1422 1478 1425 .

217 1466 351 1555 tationis
379 1469 521 1551 proximo
549 1469 669 1553 poterit
696 1466 862 1545 occultari,
890 1466 947 1532 sed
974 1466 1035 1532 erit
1061 1486 1239 1532 consonans
1267 1467 1373 1532 iudei

163 1589 199 1628 ιο
217 1572 313 1637 lande
349 1573 518 1640 concordis
553 1591 614 1639 non
657 1574 764 1640 solum
800 1572 917 1658 spiritu
945 1592 1065 1639 uerum
1104 1573 1201 1639 etiam
1237 1572 1374 1657 spiritali

218 1697 347 1762 corpore
371 1700 529 1765 expressa
1123 1764 1127 1767 ,

95 1787 126 1850 9
263 1786 333 1851 Hoc
356 1787 436 1852 mihi
458 1787 586 1853 interim
608 1787 748 1852 uidetur.
772 1786 898 1871 siquid
918 1784 1145 1871 congruentius
1168 1785 1297 1851 ueritati
1319 1787 1375 1851 uel

218 1891 283 1956 iam
314 1897 404 1958 tenes
437 1894 492 1958 uel
524 1891 768 1958 indoctioribus
800 1891 910 1957 sudire
942 1892 1095 1976 potueris,
1128 1910 1186 1976 per
1216 1893 1248 1957 te
1280 1910 1374 1956 nosse

218 1997 457 2065 studiosissime
495 2001 636 2083 expecto.
677 1986 806 2069 reiense
843 2016 919 2065 sene
956 1996 1128 2082 epistulam
1165 2015 1279 2075 meam,
1322 1996 1375 2061 cui

162 2120 197 2162 ιο
218 2104 369 2187 quonism
392 2103 656 2173 festinantissime
679 2109 712 2169 te
734 2105 939 2188 respondisse
962 2103 1001 2169 de
1024 2103 1150 2169 discum
1173 2103 1375 2169 festinatione

219 2213 370 2275 causatus
404 2229 450 2286 es,
487 2210 559 2276 ideo
596 2229 658 2277 non
691 2229 877 2294 conqueror,
916 2209 972 2276 sed
1007 2200 1117 2292 potius
1151 2227 1374 2287 commemoro,

218 2320 266 2405 ut,¹
290 2315 376 2399 quod
398 2319 477 2382 tunc
500 2317 657 2383 omissum
681 2318 741 2396 est,
765 2335 848 2383 nunc
871 2316 1030 2382 reddetur.
1054 2315 1150 2381 etde
1174 2315 1239 2382 otio
1258 2315 1375 2399 quippe

219 2421 399 2489 Christiano
446 2422 486 2489 sd
531 2423 766 2508 percipiendam
806 2422 860 2488 uel
902 2421 1128 2488 disserendam.
1162 2420 1374 2488 Christianam

218 2526 408 2610 sapientiam
432 2528 512 2612 quid
533 2529 653 2595 sentias
676 2528 771 2594 etde
794 2529 872 2609 otio,
896 2528 981 2613 quod
1002 2527 1168 2613 putabam,
1190 2534 1258 2603 tuo,
1282 2528 1375 2594 ouius

159 2654 198 2694 ιο
217 2631 299 2698 mihi
321 2635 547 2719 occupationes
567 2634 774 2701 'incredibiles
797 2636 962 2702 nuntiatae
986 2638 1071 2714 sunt
1090 2635 1216 2717 require
1235 2638 1268 2700 et
1290 2633 1374 2710 uice,

218 2739 297 2823 quid
320 2758 339 2803 a
361 2742 394 2804 te
418 2738 500 2807 scire
524 2740 724 2824 quaesierim.

265 2839 317 2932 [ur
335 2845 399 2911 slia
422 2843 546 2935 meum]
568 2847 728 2912 Memores
746 2846 847 2911 nostri
870 2846 980 2914 felices
998 2847 1102 2913 uiuite
1121 2865 1237 2931 magna
1259 2814 1377 2930 gaudis

218 2953 253 3016 et
275 2950 391 3017 solatia
413 2956 530 3030 nostra,
554 2953 658 3017 sancti
681 2949 742 3017 dei.

308 3142 333 3200 6,
344 3142 388 3199 Pe.
410 3143 454 3210 11,
472 3131 503 3207 s;
522 3141 606 3197 Hebr.
627 3142 724 3207 luca

256 3263 450 3334 lappamerit
472 3263 528 3335 VU
543 3265 605 3319 edd.
660 3265 788 3320 domnis
805 3265 855 3320 ills
877 3264 905 3320 U
956 3266 991 3322 10
1009 3265 1143 3339 spiritalis
1160 3264 1190 3320 P
1242 3267 1276 3321 12
1293 3266 1374 3320 uido-

215 3354 271 3405 tur.
290 3350 399 3422 interim
424 3352 481 3408 VU
496 3352 557 3407 edd
614 3352 648 3408 13
666 3352 826 3446 doctoritus
844 3352 872 3407 P
888 3353 985 3425 Minae
1038 3355 1074 3409 22
1093 3354 1187 3409 sinete
1204 3354 1233 3409 P

245 4438 362 4491 mnu,
377 4439 437 4491 ang.
451 4444 507 4483 sset
517 4439 541 4481 11
550 4450 604 4491 pars
613 4443 635 4482 8.
