3309 4867
1431 326 1440 365 l

258 356 323 420 434
615 351 641 405 S.
671 352 810 406 Aureli
838 351 1058 421 Augustini

255 550 390 616 inueniri
423 528 560 614 cumino⁴
584 567 645 614 uon
677 550 824 632 possunt.
862 546 975 613 demus
1006 548 1103 614 etium
1134 530 1263 616 ueniam
1300 549 1410 614 timori

160 714 165 721 .
257 676 376 735 eorum,
411 655 465 740 qui
495 654 604 740 potius
632 654 729 739 deum
756 673 813 738 pro
841 654 992 739 episcopo
1020 657 1054 721 et
1079 656 1183 722 seruis
1206 656 1275 721 eius
1299 655 1411 737 depro-

258 763 392 830 candum
425 781 519 844 quero
551 763 699 846 potentes
731 760 878 828 inimicos
911 761 1066 828 ecclesiae
1097 761 1300 829 offendendos
1336 780 1410 827 esse

256 873 460 954 putauemnt.
495 868 572 951 quid
604 886 669 946 eos,
703 867 758 951 qui
784 872 917 944 restant,
946 870 1075 935 nullane
1102 887 1214 934 censes
1241 868 1433 959 disciplina

257 960 467 1063 cohercendos
491 976 525 1039 et
545 973 785 1058 proponendum
808 975 959 1041 aestimas
977 970 1159 1059 inpunitum
1177 979 1245 1041 tam
1262 973 1410 1040 immonis
1443 998 1459 1039 s

256 1083 372 1149 furoris
405 1081 606 1167 exemplum?
637 1100 700 1147 nou
732 1072 904 1166 praeterita
939 1080 1128 1149 uindicando
1165 1084 1295 1166 pascere
1330 1081 1411 1146 iram

258 1194 399 1255 nostram
423 1188 602 1262 studemus,
621 1187 685 1254 sed
706 1186 956 1254 misericorditer
982 1188 1015 1254 iu
1043 1189 1188 1254 futurum
1215 1187 1410 1254 consulendo

258 1297 446 1382 satagimus.
470 1292 589 1360 habent
610 1289 755 1360 homiues
779 1295 867 1373 meli,
891 1295 1009 1361 ubist
1035 1315 1091 1380 per
1119 1295 1316 1362 Christianos
1348 1312 1410 1360 uon

236 1470 240 1483 ,
259 1404 363 1469 solum
387 1405 552 1467 mansuete
575 1386 688 1466 uerum
707 1403 804 1467 etiam
824 1402 948 1467 utiliter
964 1401 1198 1485 salubriterque
1216 1402 1409 1487 plectanturr

258 1511 377 1575 hebent
408 1509 503 1585 enim,
536 1508 622 1592 quod
655 1526 784 1591 corpore
817 1506 970 1574 incolumi
1001 1509 1128 1585 uiuunt,
1161 1507 1289 1584 habeut,
1326 1506 1410 1571 unde
1429 1533 1457 1571 ro

258 1619 383 1695 uiuunt.
412 1615 541 1695 hebent,
568 1614 652 1679 undo
678 1615 763 1680 mele
786 1614 912 1681 uiuunt.
936 1614 999 1680 duo
1022 1615 1124 1698 primu
1148 1617 1241 1681 salue
1263 1614 1338 1692 sint,
1362 1617 1409 1689 nt

258 1742 339 1806 qnos
370 1723 543 1807 paeniteat,
575 1722 654 1799 amir
687 1721 749 1786 hoc
777 1724 935 1805 optamus,
963 1722 1034 1801 hoo,
1067 1725 1221 1804 quantum
1253 1722 1285 1784 iu
1318 1715 1409 1785 nobis

217 1873 220 1877 «
257 1835 318 1908 est,
356 1830 454 1895 etiarn
491 1829 624 1911 inpensa
660 1846 755 1912 opere
785 1828 954 1893 instamus.
991 1828 1121 1893 tertium
1160 1847 1238 1892 uero
1270 1828 1298 1892 si
1328 1825 1409 1892 deus

258 1936 412 2002 uolueritv
433 1907 598 2017 tamquam
615 1935 722 2019 'putre
754 1935 946 2018 noxiumque
979 1936 1126 2013 resecari,
1156 1933 1253 2000 ualde
1285 1933 1410 1999 miseri·

258 2043 396 2108 corditer
408 2042 535 2125 puniet:
552 2042 580 2105 si
595 2045 702 2116 autern
717 2042 771 2106 uel
784 2042 922 2124 emplius
935 2042 1073 2107 uoluerit
1087 2042 1140 2106 uel
1154 2060 1193 2107 ue
1209 2041 1268 2106 hoc
1283 2039 1409 2123 quidem
1430 2063 1458 2102 re

257 2148 445 2233 permiserit,
478 2148 600 2213 altioris
634 2153 667 2213 et
696 2147 840 2230 profecto
872 2148 1017 2214 iustioris
1050 2148 1175 2213 consilii
1204 2148 1284 2233 raino
1311 2164 1409 2230 penos

258 2258 363 2339 ipsum
388 2257 451 2331 est:
481 2253 613 2325 anobis
643 2273 750 2320 curam
779 2254 984 2337 officiumque
1013 2258 1138 2338 oportet
1163 2253 1304 2339 inpendi,
1332 2271 1409 2335 quo-

258 2381 360 2445 usque
375 2361 482 2426 uidere
496 2360 689 2438 conceditur,
705 2362 949 2443 deprecantibus
964 2381 1047 2437 eum,
1058 2367 1095 2425 ut
1109 2363 1251 2427 animum
1266 2364 1409 2425 nostrum

259 2468 421 2552 adprobet,
445 2485 508 2550 quo
532 2468 655 2533 cunctis
669 2467 830 2533 uolumus
854 2487 925 2533 esse
949 2468 1144 2542 consultum,
1172 2466 1315 2549 nihilque
1342 2465 1410 2530 fieri

259 2575 343 2639 sinat
364 2593 420 2658 per
442 2593 511 2653 uos,
535 2574 621 2656 quod
645 2579 676 2640 et
699 2574 790 2640 uobis
819 2576 852 2639 et
880 2575 1034 2641 ecclesiae
1063 2594 1139 2639 sune
1171 2594 1234 2640 nou
1266 2572 1458 2657 expedirem

258 2681 352 2765 longe
375 2682 490 2746 melius
513 2681 608 2769 nouit
628 2681 697 2766 ipse
722 2700 818 2764 qurum
840 2700 908 2748 uos.
1442 2680 1448 2687 “

207 2779 248 2841 10
303 2787 400 2853 Modo
425 2806 498 2852 curn
521 2786 606 2870 npud
629 2787 790 2853 Calamam
815 2805 971 2864 essemus,
995 2789 1033 2850 ut
1055 2788 1155 2852 nostri
1177 2787 1210 2851 in
1234 2789 1301 2851 tum
1319 2785 1410 2869 granu

259 2894 367 2959 dolore
384 2886 443 2959 ¹uel
467 2893 706 2959 consolarentur
717 2887 838 2960 muloti
862 2894 915 2957 uel
938 2893 1123 2959 cederentur
1149 2892 1286 2971 accensi,
1313 2911 1410 2974 quan·

258 3004 328 3066 turn
360 3002 536 3083 potuimus.
572 2998 663 3083 quod*
687 3000 720 3064 iu
752 3004 896 3082 tempore
927 3000 1106 3083 oportuisse
1145 2998 1409 3075 existimauimus

174 3171 178 3179 ,
259 3127 333 3173 curn
366 3106 555 3173 Christianis
587 3107 725 3191 egimus.
757 3105 870 3171 deinde
901 3106 990 3189 ipsos
1023 3107 1119 3172 etiarn
1151 3124 1303 3191 pognnos,
1333 3088 1410 3170 meli
1429 3131 1457 3169 se

258 3214 339 3279 tenti
363 3217 460 3298 caput
482 3218 515 3278 et
537 3232 684 3293 censam·
701 3215 856 3298 petentes,
881 3215 918 3277 ut
939 3211 980 3277 ab
1003 3213 1050 3277 eis
1073 3214 1263 3292 uideremus,
1283 3211 1410 3276 admisi·

349 3419 438 3473 6-15
457 3442 491 3471 =
511 3435 553 3489 ep.
574 3417 644 3482 clv,
663 3419 679 3472 5
698 3436 725 3489 p.
745 3420 781 3471 iu.

294 3540 515 3597 {tostendondos
533 3544 560 3596 A
579 3543 730 3607 offerendos
748 3544 779 3598 Ε
866 3544 1070 3600 5colrerendon
1089 3545 1175 3602 ΡΑ..
1226 3547 1364 3600 existimas
1382 3545 1413 3600 E

260 3630 319 3685 edd.
334 3637 485 3700 praetera
558 3632 670 3686 inunum
688 3630 717 3688 R
771 3636 861 3689 deon
880 3638 994 3703 percute
1011 3635 1144 3705 preterita
1162 3634 1191 3689 R
1253 3651 1363 3705 parcere
1381 3633 1413 3689 F

261 3719 475 3774 7consulendos
493 3719 526 3773 K
585 3720 724 3777 &habent
742 3722 829 3791 igitur
847 3722 971 3776 homines
989 3723 1018 3778 R
1089 3712 1207 3794 perores.
1227 3723 1255 3776 P
1314 3724 1349 3777 10
1366 3724 1409 3776 in·

260 3810 358 3875 coloro,
376 3813 438 3863 sul
457 3825 526 3863 corr.
546 3810 674 3864 incolurni
694 3811 721 3864 Ρ
793 3813 823 3866 11
846 3813 943 3865 niount
960 3812 1064 3867 habeut
1081 3812 1154 3873 uude
1173 3829 1225 3866 oro.
1238 3811 1271 3866 K
1337 3812 1409 3866 unde

260 3902 442 3959 orn.‚rn.1r.
462 3915 490 3954 u.
510 3898 575 3952 add.
595 3900 626 3954 Ε
662 3902 694 3954 12
714 3904 840 3970 optamus
860 3900 894 3953 M
946 3902 1127 3979 inquantum
1145 3901 1269 3955 nobisle'
1308 3902 1342 3956 14
1359 3917 1409 3954 no·

259 3987 333 4056 rium
350 3988 411 4057 (orn.
431 3994 495 4056 qne)
516 3988 648 4056 MFAR5
667 3990 701 4056 cf.
721 4004 760 4057 ep.
785 3988 827 4041 01
831 3988 861 4047 V.
885 3994 901 4041 5
919 3990 987 4043 med.
1050 3991 1082 4044 18
1102 3988 1235 4057 conditur.
1254 4006 1323 4045 corr.
1342 3993 1408 4045 oni

260 4075 417 4132 conceditur
434 4074 467 4130 F
534 4078 705 4133 enimenim
725 4081 762 4142 (ru
781 4081 813 4132 in
831 4095 887 4132 ras.
906 4096 940 4137 ur.
953 4084 979 4143 1)
999 4078 1034 4130 M
1093 4079 1129 4133 20
1149 4084 1178 4132 ct
1197 4085 1262 4133 aute
1279 4079 1409 4133 ccclesiae

259 4180 312 4219 om.
331 4164 384 4220 Fe
422 4165 455 4219 21
477 4165 534 4236 ipse
554 4167 632 4220 uouit
650 4166 678 4220 R
714 4168 750 4220 22
768 4167 936 4221 calemnnE
970 4168 1004 4221 23
1024 4166 1239 4223 sedereniurM
1276 4169 1311 4223 25
1325 4167 1408 4222 etiem
1512 4200 1515 4207 ,

260 4256 334 4322 ipsos
353 4254 405 4309 PR
422 4253 483 4308 cdd.
538 4255 573 4309 26
593 4258 623 4308 ut
641 4270 692 4308 om.
712 4256 736 4307 A
814 4256 953 4309 amisimus
973 4254 1035 4309 MR
