3309 4867
480 391 483 396 ’
603 394 870 466 epistularum
898 395 997 452 XLIII.
1323 405 1368 469 95
1402 426 1407 435 ·

220 698 297 758 sunt
323 697 356 757 et
381 695 523 777 parciore
545 696 786 779 reprehensione
809 697 970 776 damnata,
993 698 1119 783 quando
1141 699 1197 765 ille
1219 702 1372 768 inuentus

221 804 273 865 est
294 800 457 879 innocens,
479 801 511 865 in
536 819 632 884 quem
654 802 758 868 multo
780 803 954 870 immanius
977 805 1174 886 saeuiemnt!

53 911 100 975 IV
128 914 175 980 13
266 909 316 972 An
352 906 444 984 forte,
484 907 570 974 sicut
600 904 735 992 'quidam
772 908 861 990 dixit,
895 910 980 993 quod
1012 911 1142 995 quidem
1174 932 1247 978 cnm
1278 914 1374 980 nobis

188 1013 390 1096 ediceretur,
409 1009 591 1098 displicuit,
616 1014 672 1081 sed
694 1019 801 1081 tamen
824 1017 1145 1100 praetermittendum
1168 1038 1230 1085 non
1253 1023 1313 1098 est,
1331 1056 1378 1069 -

12 1141 14 1216 g
224 1121 271 1187 eit
297 1121 380 1186 enim
409 1121 554 1204 quidum:
582 1119 664 1187 ‘Non
688 1121 799 1187 debuit
822 1123 993 1206 episcopus
1016 1127 1234 1208 proconsulari
1256 1127 1375 1196 iudicio

224 1228 377 1316 purgari?
414 1229 506 1311 qussi
543 1247 620 1294 nero
657 1229 727 1312 ipse
764 1229 826 1295 sibi
862 1229 924 1296 boc
966 1232 1199 1314 comparauerit
1238 1253 1274 1298 ae
1315 1254 1376 1300 non

225 1334 468 1416 imperatoriis
495 1335 603 1418 quaeri
630 1335 772 1414 iusserit,
801 1335 841 1401 ad
869 1337 963 1401 euius
991 1355 1110 1415 numm,
1138 1338 1177 1404 de
1200 1358 1264 1422 qua
1284 1340 1379 1407 ratio-

224 1445 298 1505 rlem
320 1440 378 1507 deo
400 1440 584 1508 redditurus
603 1445 699 1520 esset,
717 1461 768 1506 res
786 1442 843 1507 illa
861 1443 999 1508 maxime
1015 1444 1204 1527 pertinebat.
1224 1446 1379 1512 arbitrum

164 1551 209 1605 ἰο
227 1548 311 1612 enirn
344 1552 379 1614 et
409 1548 549 1613 iudicem
582 1566 698 1614 carme
730 1548 912 1615 traditionis
930 1540 979 1614 'et
1011 1550 1195 1630 schismatis
1225 1552 1273 1618 illi
1305 1572 1379 1618 eum

226 1655 376 1734 fecerunt,
404 1655 461 1738 qui
484 1656 525 1720 ad
548 1673 622 1720 eum
645 1655 744 1721 etiam
765 1674 877 1737 preces
900 1657 1063 1734 miserant,
1087 1657 1127 1722 ad
1151 1678 1246 1741 quem
1267 1663 1383 1742 postea

191 1784 198 1797 ·
227 1765 442 1844 prouocarent
477 1765 511 1827 et
546 1767 654 1827 tumen
688 1760 808 1828 indicio
842 1759 916 1828 veius
942 1762 1161 1845 adquiescere
1200 1764 1382 1850 noluerunt.

229 1868 338 1950 itaque
365 1869 393 1933 si
423 1867 602 1951 culpandus
629 1870 690 1947 ost,
718 1887 814 1951 quem
842 1867 937 1934 iudex
964 1872 1110 1934 terrenus
1134 1869 1283 1950 absoluit,
1307 1891 1381 1936 cum

230 1974 299 2057 ipse
327 1972 390 2040 sibi
417 1975 479 2041 hoc
505 1993 568 2040 non
594 1975 807 2060 poposcisset,
835 1976 1086 2061 quantomagis
1114 1975 1264 2060 culpandi
1295 1982 1385 2055 sunt,

184 2100 211 2140 sn
231 2080 286 2163 qni
309 2084 468 2146 terrenum
483 2070 601 2166 >regam
628 2099 706 2146 suae
734 2078 849 2147 causas
876 2080 1015 2146 iudicem
1044 2101 1116 2148 esse
1143 2078 1330 2149 uol'uerunt!
1355 2084 1384 2148 si

231 2189 337 2252 alitem
367 2187 510 2252 criminis
538 2207 599 2255 non
628 2192 679 2253 est
706 2207 879 2271 prouocare
906 2188 946 2254 ad
972 2188 1208 2271 imperatorem,
1240 2208 1302 2275 non
1335 2191 1388 2254 est

232 2292 372 2358 criminis
396 2293 500 2358 audiri
524 2295 563 2359 ab
591 2296 792 2378 imperatore,
822 2313 897 2379 ergo
926 2312 984 2359 nee
1013 2295 1147 2373 abillo,
1176 2294 1228 2359 eui
1256 2314 1388 2365 eausam

232 2399 432 2484 delegauerit
460 2401 642 2485 imperator.
671 2401 829 2484 quendam
858 2402 956 2466 etium
985 2395 1176 2484 suspensum
1210 2401 1320 2466 eculeo
1352 2401 1385 2466 in

109 2553 113 2558 -
233 2524 329 2571 cauea
356 2506 475 2572 Felicis
504 2507 646 2591 episcopi
674 2507 797 2573 amicus
824 2506 880 2572 ille
908 2507 1015 2571 uoluit
1042 2506 1211 2585 criminari,
1243 2510 1281 2571 ut
1312 2506 1385 2589 quis

185 2638 215 2676 ec
234 2613 331 2677 etiarn
359 2615 490 2698 ungulis
519 2619 697 2681 ueneratur.
721 2613 877 2696 numquid
899 2614 1027 2698 poterat
1049 2612 1136 2679 Felix
1160 2591 1387 2687 contradicere,

234 2741 273 2786 ne
299 2725 387 2788 mnia
415 2721 581 2805 diligentia
607 2721 661 2785 uel
690 2719 862 2786 seueritate
886 2721 1099 2803 quaereretur,
1124 2737 1198 2784 enm
1220 2719 1290 2785 eins
1314 2737 1386 2784 ceu·

235 2846 303 2892 snm
340 2826 562 2893 inuenientium
601 2826 747 2910 cognitor
784 2827 943 2911 agitaret?
975 2826 1053 2908 quid
1084 2812 1169 2891 enim
1200 2830 1268 2891 erat
1299 2826 1389 2891 aliud

12 561 14 706 i
218 586 400 658 existimare
428 587 593 668 debemus,
621 608 756 673 qnorum
777 590 912 656 crimina
935 592 973 657 ab
996 592 1070 658 istis
1091 593 1199 658 leuius
1221 598 1373 660 accusata

12 711 14 744 l

12 823 13 864 l

12 881 14 936 l

235 2933 320 2999 nolle
343 2934 391 2998 sie
414 2934 522 3016 quaeri
547 2952 642 3016 quem
667 2932 707 2998 de
730 2933 860 2998 crimine
884 2932 1048 3026 confiteri?
1071 2935 1104 2997 et
1120 2936 1227 2997 tamen
1245 2932 1300 2996 ills
1318 2933 1387 3014 ipse

235 3058 292 3121 pro
331 3039 462 3105 consule
500 3039 583 3105 inter
618 3053 812 3123 praeconum
848 3038 1010 3104 terribiles
1046 3053 1144 3104 uoces
1177 3042 1211 3103 et
1241 3041 1386 3111 eruentus

188 3170 217 3212 aa
236 3145 419 3210 carnificum
437 3133 439 3136 ⁵
457 3164 570 3210 munus
607 3163 781 3227 numquam
818 3145 974 3229 collegam
1014 3144 1178 3209 damnaret
1213 3144 1389 3221 absentem,

237 3251 290 3333 qui
318 3252 437 3317 iudicio
462 3253 536 3318 'eins
564 3271 599 3317 se
620 3256 824 3335 praesentare
847 3251 1016 3329 noluisset,
1041 3259 1114 3316 eum
1136 3249 1267 3315 baberet
1290 3235 1386 3328 alind,

237 3357 322 3439 quod
349 3361 460 3440 posset
482 3359 595 3436 audiri,
612 3360 676 3424 'ant
699 3358 728 3423 si
750 3356 924 3434 damnaret,
948 3360 1034 3423 corte
1057 3357 1154 3422 etium
1177 3356 1256 3440 ipsis
1280 3350 1390 3422 saecu·

237 3464 356 3528 laribus
379 3464 505 3549 legibus
527 3482 647 3546 poenus
661 3467 774 3530 ‘lustro
797 3467 839 3529 et
852 3463 977 3529 debitus
1000 3463 1113 3528 lueret.
1177 3447 1179 3452 ¹

273 3670 469 3736 boemiorum,
488 3674 554 3726 aad
571 3671 711 3724 sociarunt
729 3669 757 3723 R
811 3671 828 3723 5
848 3668 987 3741 dispicuit,
1006 3673 1072 3724 onai
1090 3669 1156 3724 odd.
1176 3668 1227 3724 112
1253 3658 1256 3661 ⁴
1280 3671 1297 3723 7
1316 3685 1391 3724 eom·

238 3765 384 3830 parauerat
406 3760 485 3814 codd.
578 3759 766 3829 Simperator
788 3759 840 3828 ita]
864 3759 1041 3828 imperatoria
1063 3757 1151 3811 MFA
1263 3758 1340 3827 queri
1361 3757 1393 3812 R

275 3833 385 3902 iusseris
402 3847 496 3904 MFA
579 3849 613 3902 10
631 3864 714 3901 eausa
731 3846 816 3902 Far>
832 3848 909 3916 (m
925 3861 1013 3915 supra
1030 3847 1044 3899 i
1063 3846 1154 3918 cause)
1171 3846 1199 3902 R
1217 3851 1307 3909 causi,
1325 3848 1392 3899 cat

239 3943 320 3991 cause
339 3939 421 4005 (ciel)
440 3936 478 3991 M
566 3941 627 3990 enm
646 3936 780 4005 fecerant]
802 3950 863 3989 eum
882 3934 1005 3988 iecerunt
1022 3935 1050 3987 A
1097 3921 1098 3924 ¹
1142 3935 1173 3989 11
1194 3934 1276 3989 eliam
1295 3948 1347 3988 om.
1366 3934 1396 3987 P

241 4026 275 4079 12
293 4029 511 4095 prouocaueruut
528 4024 583 4079 Fa
666 4040 720 4090 eos,
739 4028 805 4079 Μ
823 4025 882 4078 ains
901 4023 939 4078 M
1011 4024 1043 4076 17
1063 4022 1097 4078 ad
1117 4026 1194 4089 (m
1211 4022 1257 4094 ab)
1274 4023 1391 4093 impera·

241 4123 299 4168 rore
317 4114 346 4168 P
398 4115 432 4169 19
450 4114 552 4168 amieos
570 4112 661 4168 MFA
733 4113 798 4181 qnid
817 4130 885 4167 aer
939 4113 972 4170 21
994 4113 1142 4166 securitate
1161 4113 1188 4165 A
1248 4113 1283 4166 22
1303 4110 1390 4182 alind]

240 4202 309 4256 illud
327 4201 446 4257 MFAP
493 4203 528 4257 23
548 4203 607 4272 ipso
626 4201 655 4257 R
704 4201 739 4254 24
757 4201 956 4270 proconsul·P
971 4200 1114 4268 proconsul
1133 4199 1195 4253 cdd.
1245 4201 1278 4255 27
1297 4216 1395 4268 quom

277 4292 363 4362 possit
380 4291 416 4347 M
470 4291 506 4345 28
524 4291 629 4345 luceret
647 4293 673 4354 (e
691 4305 751 4356 exp.
770 4305 804 4347 m.
816 4294 847 4356 2)
865 4289 904 4343 M
