3309 4867
532 352 801 423 epistularum
830 353 908 409 CXX.
1216 352 1279 423 72]

126 548 201 631 ipsa
222 545 302 624 uita,
325 548 422 613 etiam
450 547 542 613 uobis
570 548 608 613 tit
634 548 713 624 uita,
737 567 810 614 oum
837 549 905 614 eius
930 546 1086 643 efficimur
1108 551 1282 633 utcumque

125 653 311 738 participes,
334 653 390 734 ita,
419 673 494 724 oum
519 655 551 719 in
586 672 620 720 se
651 654 727 743 ipen·
754 655 798 720 sit
828 654 965 732 iustitia¹
994 655 1090 721 etiam
1122 656 1213 722 uobis
1246 654 1282 721 fit

126 761 263 839 institia,
297 778 371 826 curn
404 747 433 826 ei
461 760 656 828 cohaerendo
688 760 772 828 iuste
805 761 960 840 uiuimus,
993 763 1026 827 et
1057 765 1146 829 tauto
1178 765 1283 849 magis

126 867 279 934 minusne
300 868 380 934 iusti
408 887 531 946 sumus,
556 853 673 951 quanto
697 867 747 933 illi
769 867 874 953 magis
897 868 1045 934 minusue
1068 869 1283 946 cohaeremus.

89 997 105 1039 a
127 973 214 1041 unde
236 973 392 1058 scriptum
415 978 466 1042 est
488 972 527 1039 cle
545 973 710 1057 unigenito
730 972 796 1038 filio
817 972 879 1052 dei,
899 992 973 1039 oum
992 976 1036 1039 ait
1053 974 1165 1057 utique
1183 976 1281 1061 patris

127 1067 289 1164 sapientia
310 1085 407 1164 atque
430 1079 554 1146 iustitia
579 1083 612 1145 et
630 1097 756 1163 semper
773 1080 806 1144 in
827 1098 861 1145 se
880 1079 948 1163 ipsu
965 1081 1022 1161 rin,
1042 1080 1282 1165 queritantur

127 1188 189 1252 sit
218 1186 337 1255 nobis
374 1206 394 1251 a
424 1186 496 1253 (leo
534 1185 741 1270 sapientia
779 1188 818 1253 et
854 1185 1025 1253 iustitia
1057 1192 1097 1252 et
1133 1187 1284 1271 suncti·

126 1293 281 1359 ficatio
300 1295 340 1357 et
357 1292 600 1376 redemptio,
620 1297 674 1372 ut,
694 1310 808 1376 quem
834 1291 880 1359 ad
898 1291 1056 1359 mnium
1080 1293 1283 1379 scriptum

128 1403 205 1474 est,
225 1402 294 1483 qui
318 1398 537 1484 gloriatur,
561 1399 600 1464 in
624 1398 786 1465 domino
810 1393 1026 1484 glorietur.
1051 1398 1135 1482 quod
1154 1400 1283 1484 quidem

73 1528 106 1573 ro
127 1508 163 1570 et
190 1505 260 1589 ipse
288 1505 401 1571 uidisti
429 1504 572 1572 addendo
600 1507 698 1588 atque
725 1493 873 1571 licentio:
900 1504 982 1571 ‘Nisi
1008 1504 1091 1572 forte
1117 1525 1180 1572 non
1207 1507 1285 1573 haec

105 1623 107 1625 ’
127 1611 287 1676 humanae
306 1611 479 1695 aequitatis
498 1611 554 1676 aed
573 1610 640 1689 illa,
659 1628 741 1695 quae
761 1608 841 1677 deus
861 1614 920 1689 nat,
940 1612 1010 1677 sola
1032 1607 1197 1678 adseratur
1214 1631 1286 1679 esse

126 1709 278 1783 iustitia’.
318 1720 369 1782 est
400 1717 494 1801 plane
525 1718 582 1784 ille
614 1721 760 1783 summus
788 1715 868 1783 deus
895 1736 970 1786 uera
998 1717 1124 1784 iustitia
1150 1719 1205 1803 uel
1230 1719 1285 1784 ille

126 1841 228 1888 uerus
256 1823 336 1888 deus
364 1843 491 1889 summa
516 1823 652 1902 iustitia,
681 1840 777 1909 quam
809 1822 951 1906 proiecto
980 1824 1101 1890 suumne
1130 1811 1289 1891 resitire

128 1947 169 1995 ca
200 1933 310 2004 nostra
341 1932 393 1996 cst
419 1923 456 1996 'iu
487 1930 547 1996 lrac
577 1929 831 2017 peregrinatione
862 1930 989 1996 iustitia
1015 1933 1049 1996 et
1080 1950 1143 2014 qua
1174 1934 1286 2015 postea

79 2059 108 2100 ro
128 2036 268 2101 saturari
292 2054 329 2100 ea
356 2038 466 2102 nostra
488 2037 539 2103 nat
563 2036 597 2102 in
625 2022 812 2116 aeternitate
839 2036 934 2122 plena
958 2036 1095 2104 iustitia
1124 2055 1186 2103 nou
1210 2056 1284 2124 ergo

127 2143 228 2208 deum
252 2146 379 2209 nostrae
402 2143 544 2209 institiae
568 2142 707 2208 similem
726 2135 917 2228 cogitemus.
941 2142 997 2210 sad
1025 2143 1204 2229 cogitemus
1226 2162 1285 2210 uos

93 2231 98 2240 ’
127 2248 241 2333 potius
277 2252 366 2315 tanto
404 2248 574 2315 similiores
612 2248 682 2327 deo,
719 2250 838 2331 quanto
875 2268 946 2315 esse
981 2249 1181 2333 potuerimus
1216 2249 1286 2316 eius

128 2354 372 2440 participatione
394 2355 567 2422 iustiores.-

37 2456 80 2520 20
178 2458 213 2526 Si
231 2478 305 2545 ergo
325 2459 502 2526 cauendum
521 2471 582 2537 est,
605 2477 645 2525 ne
663 2459 808 2526 institiae
826 2464 953 2526 nostrae
972 2460 1110 2528 similem
1134 2450 1285 2545 putemus

75 2585 111 2636 ..o
129 2563 239 2642 deum,
258 2564 409 2648 quoniam
427 2565 547 2643 lumen,
567 2563 652 2648 quod
674 2563 856 2642 inluminat,
879 2565 1170 2648 incomparabiliter
1187 2566 1286 2631 excel-

128 2669 252 2736 lentius
267 2673 318 2736 est
335 2670 403 2756 illo,
423 2670 507 2756 quod
526 2669 745 2749 inluminatur,
766 2675 885 2754 quanto
904 2672 1006 2757 mugit
1026 2671 1132 2737 caueri
1150 2675 1286 2756 oportet,

128 2795 172 2842 ne
204 2775 325 2861 aliquid
358 2776 490 2844 inferius
522 2780 556 2843 et
581 2777 719 2862 quodam
751 2776 847 2843 modo
876 2777 1086 2843 decoloratius
1114 2796 1187 2844 enm
1216 2796 1286 2846 esse

128 2881 310 2965 cmdamna,
343 2903 438 2968 quam
471 2885 521 2950 est
552 2887 662 2949 nostra
693 2883 833 2950 iustitia!
868 2882 944 2966 quid
978 2887 1028 2949 est
1058 2887 1166 2949 autem
1199 2882 1287 2950 aliud

127 2987 266 3070 iustitia,
300 3007 374 3055 oum
406 2990 438 3054 iu
471 2989 562 3056 uobis
591 2992 652 3069 nat,
685 2989 739 3055 uel
766 2988 929 3073 qrraelibet
962 2990 1077 3066 uirtus,
1107 3008 1170 3074 qua
1199 2994 1308 3056 recte*

84 3124 110 3166 a
128 3095 354 3181 sapienterque
392 3097 525 3176 uiuitur,
557 3115 653 3180 quam
689 3095 849 3162 interioria
885 3095 1025 3162 hominis
1059 3095 1286 3180 pulchritudo?

127 3204 276 3267 steorte
304 3200 480 3270 secundnm
508 3200 588 3268 hano
617 3199 890 3285 pulchritudinem
917 3202 1020 3287 magis
1049 3219 1145 3284 quem
1170 3220 1286 3285 corpus

221 3406 352 3465 olcor.
374 3409 398 3474 1,
416 3408 523 3465 80—81
600 3406 887 3479 10-12=p.70a
908 3409 977 3464 1-2
1052 3407 1085 3463 18
1104 3407 1203 3464 utrm.
1223 3411 1285 3472 5.ss
1367 3484 1371 3490 θ

167 3532 262 3604 21ριι
280 3539 333 3601 om,
352 3531 432 3587 codd.
513 3532 597 3586 sitin
616 3546 645 3586 se
667 3528 719 3586 01⁹
781 3531 889 3587 tiuste
909 3546 959 3586 ono.
978 3529 1100 3585 ΒΡΤΤι
1162 3533 1286 3604 imagis

127 3621 173 3677 illi
190 3619 251 3676 aad.
324 3621 420 3692 tipso
442 3620 543 3676 cedo.
560 3624 710 3689 praetem
783 3619 898 3674 iuobia
917 3636 968 3677 oon.
988 3619 1045 3674 PT
1127 3637 1145 3674 a
1164 3617 1215 3674 deo
1233 3636 1286 3676 om.

127 3707 250 3765 mm
328 3709 361 3764 10
380 3709 474 3781 atque]
494 3713 523 3764 et
544 3708 571 3764 Τ
641 3708 720 3779 haec]
740 3709 776 3778 cs.
789 3726 820 3778 p.
844 3711 946 3776 703,1
1019 3709 1051 3763 ll
1072 3723 1132 3763 esso
1151 3712 1287 3764 metatur

128 3798 191 3854 sciri.
261 3797 295 3853 18
314 3803 342 3853 et
359 3797 388 3852 P
405 3796 466 3854 edd.
531 3798 563 3852 li
584 3796 642 3850 eins
659 3795 829 3867 potuerimus
850 3811 909 3850 esse
927 3794 1138 3866 participatione
1159 3792 1214 3850 OT
1228 3797 1286 3851 eina

128 3888 297 3962 potuerimus
316 3884 526 3958 participatione
545 3900 604 3940 aare
622 3884 651 3939 P
708 3884 859 3956 poterimus
878 3884 939 3939 edd.
994 3886 1029 3940 20
1048 3883 1225 3939 excellentus
1243 3885 1286 3938 in·

129 3975 350 4046 comparabiliter
372 3974 408 4029 T¹
480 3973 740 4029 incommutabiliter
758 3973 883 4044 Euoippi
901 3972 960 4028 roci.
987 3973 1048 4029 Vnt.
1122 3972 1223 4028 211110
1244 3977 1287 4027 est

129 4063 255 4135 Eupippi
272 4063 331 4118 aad.
351 4063 412 4118 Vct
464 4063 500 4116 22
519 4061 713 4117 decolatiuaP
760 4060 1157 4130 taminn1nliunoortrar
1204 4060 1238 4115 211
1259 4064 1288 4114 et

131 4152 214 4224 certe]
234 4153 316 4207 etiam
340 4135 456 4205 ΟΡΤΤι
476 4152 532 4206 ter
613 4149 844 4222 pulchritudinem
865 4150 970 4205 animae
988 4148 1124 4220 magisO
1205 4164 1285 4219 quam

131 4242 250 4311 corporis
268 4241 320 4296 Oa
335 4257 415 4309 quam
431 4241 549 4310 corporis
565 4239 632 4294 sacti
647 4239 688 4307 ef
698 4255 778 4309 quam
792 4238 941 4293 seeundum
956 4255 1053 4308 corpus
1068 4237 1135 4292 facti
1150 4243 1207 4294 cett.
1223 4237 1286 4293 edd.

157 4365 273 4417 nuni,
288 4365 346 4414 Aut,
362 4370 416 4405 recl.
431 4364 454 4404 11
468 4375 520 4414 pm
534 4366 554 4403 2.
1214 4344 1250 4397 46

275 4477 290 4525 i
