3309 4867
299 426 340 490 12
650 427 677 481 S.
705 423 846 479 Aureli
874 422 1094 493 Augustini

297 620 331 682 et
352 618 491 703 uestigio
514 618 673 685 titubante
701 622 876 702 repentem,
905 620 933 685 ai
961 624 1068 685 teman
1096 618 1273 704 Augustini
1304 615 1449 683 doctrina

297 727 460 807 tamquam
494 743 607 792 manns
638 725 752 791 matris
784 728 816 792 et
852 725 930 791 ulna
966 725 1101 791 nutricis
1138 724 1322 790 instabilem
1356 723 1449 806 regat

297 831 478 912 paruulum.
503 852 597 914 oriem
622 832 650 898 si
673 832 785 898 audias
809 837 843 898 st
865 832 1018 916 sequaris,
1042 837 1081 896 ut
1101 850 1229 897 rursum
1252 834 1284 897 ts
1302 845 1448 896 sermone

297 936 477 1004 Salomonis
500 939 649 1018 alliciam,
679 938 759 1017 iili,
788 957 974 1005 coronam
1007 938 1189 1022 accipies
1222 937 1448 1023 gratiarum

296 1049 366 1109 tuo
399 1045 562 1111 uertici.
595 1049 628 1112 st
654 1050 732 1112 tuuc
759 1064 834 1111 usrs
862 1046 924 1112 sris
952 1045 1008 1111 ills
1036 1064 1096 1112 non
1120 1045 1341 1128 phantasmate
1364 1060 1448 1109 som·
1479 1061 1494 1100 a

298 1151 402 1215 nictus
426 1151 483 1216 ssd
506 1150 545 1215 ab
569 1150 641 1235 ipsa
658 1151 794 1217 ueritate
812 1152 969 1248 formatus
987 1151 1098 1217 consul
1118 1157 1152 1216 ot
1169 1150 1310 1233 pontifex
1327 1165 1448 1215 uacuas

297 1256 452 1340 imagines
477 1256 550 1327 falsi
573 1258 677 1342 operis
698 1257 855 1340 implente
879 1256 1007 1323 Christo
1026 1257 1140 1324 solidis
1159 1275 1236 1341 suae
1255 1255 1448 1341 operationis

298 1362 475 1429 dilectibus.
507 1383 583 1429 uere
610 1365 696 1430 enim
723 1364 863 1447 pontifex
891 1367 925 1429 st
951 1383 1026 1430 usrs
1055 1364 1168 1430 consul
1190 1363 1354 1430 Licentiae
1378 1361 1447 1436 an't,

299 1467 327 1534 si
359 1469 534 1554 Augustini
570 1471 719 1557 uestigiis
755 1470 950 1555 propheticis
983 1475 1017 1537 st
1048 1471 1232 1554 apostolicis
1269 1468 1449 1552 disciplinis

298 1579 335 1640 ut
358 1580 481 1642 sacrato
504 1577 619 1642 boatus
642 1577 814 1643 Helisaeus
833 1577 956 1655 Helius,
976 1582 1014 1643 ut
1031 1578 1159 1643 inlustri
1178 1577 1324 1662 apostolo
1342 1575 1447 1641 Timo
1469 1595 1495 1637 m

295 1683 391 1748 thsus
415 1682 603 1749 adulescens
626 1684 797 1749 adhaereas
819 1684 983 1749 indiunlso
1007 1703 1064 1768 por
1085 1684 1200 1749 itinera
1222 1683 1330 1749 didina
1352 1682 1448 1748 corni·

296 1793 378 1862 tatu,
402 1793 439 1854 ut
458 1796 490 1855 et
510 1790 721 1857 sacerdotium
743 1791 836 1858 cords
854 1791 995 1875 perlecto
1015 1791 1120 1856 discas
1138 1790 1252 1857 nrsrsri
1270 1793 1304 1855 st
1321 1789 1449 1874 populis

298 1896 498 1962 adsalutem
522 1897 676 1983 magistro
701 1916 755 1963 ore
778 1898 957 1963 cousrrlsre.

253 2002 273 2064 5
343 2001 399 2068 Sat
421 2003 482 2068 hoo
505 2004 635 2070 monitis
655 2006 689 2070 st
705 2003 861 2071 hortatui:
881 2004 1006 2074 modico
1025 2004 1107 2069 euim
1128 2022 1273 2070 sermons
1292 2006 1325 2068 st
1340 2001 1449 2067 laboro
1495 2017 1507 2046 r

248 2141 263 2174 e
296 2113 329 2175 ts
353 2108 497 2186 arbitror,
521 2110 565 2174 mi
587 2109 720 2188 hirsuti,
744 2110 785 2175 ad
809 2110 972 2176 Christum
997 2129 1092 2194 posse
1109 2108 1237 2176 incitari
1254 2110 1318 2175 iam
1336 2126 1355 2172 a
1372 2126 1448 2191 pus·
1468 2125 1494 2168 m

297 2215 341 2281 ris
374 2215 414 2280 ad
446 2217 555 2282 studia
585 2216 733 2282 ueritatis
766 2222 799 2282 st
831 2216 1014 2301 sapientias,
1048 2214 1133 2300 quod
1165 2220 1337 2301 utrumque
1374 2231 1448 2278 uere

297 2321 445 2388 Christus
483 2326 534 2389 est
568 2328 604 2410 st
640 2324 744 2389 omnis
781 2323 855 2388 honi
893 2341 1056 2389 summum
1092 2322 1223 2399 honum,
1256 2316 1447 2385 uenerabilis
1479 2375 1486 2384 .

298 2427 472 2513 Augustini
496 2429 611 2514 spiritu
640 2433 754 2524 storo
782 2430 990 2496 flammatum.
1024 2430 1079 2511 qui
1107 2430 1132 2494 si
1162 2447 1275 2513 parum
1303 2424 1388 2509 apud
1414 2425 1448 2488 te

298 2556 355 2620 pro
379 2536 549 2614 recaluit,
573 2537 651 2618 quid
673 2556 734 2621 sgo
758 2539 846 2601 tanto
870 2536 1038 2602 interuallo
1063 2537 1221 2620 posterior
1247 2538 1280 2601 st
1307 2534 1448 2600 omnium

298 2644 386 2709 illius
419 2625 516 2725 opum
547 2662 668 2728 pauper
700 2643 858 2709 efficiam?
891 2644 948 2708 sed
980 2644 1056 2728 quia
1091 2647 1124 2709 st
1158 2643 1248 2710 illius
1283 2641 1448 2707 facultatis
1465 2667 1494 2708 ao

298 2751 442 2835 potentia
474 2755 506 2816 et
537 2751 585 2816 tui
616 2749 736 2835 ingenii
768 2750 965 2816 humanitate
998 2751 1137 2818 confisus
1174 2750 1323 2833 pleniora·
1353 2750 1449 2831 atque

300 2845 418 2922 rnaiora
449 2857 480 2921 iu
514 2860 546 2923 te
579 2876 670 2940 spero
707 2857 869 2923 elaborata
900 2877 995 2941 quam
1024 2857 1222 2936 elaboranda,
1251 2876 1349 2921 ausus
1377 2873 1449 2920 sum
1518 2935 1522 2950 1

301 2964 423 3032 hiscere
446 2962 567 3049 duplici
591 2965 703 3050 gratia,
727 2967 765 3029 ut
792 2967 825 3029 et
847 2962 895 3028 illi
923 2964 992 3028 uiro
1020 2963 1128 3029 dehita
1159 2964 1291 3029 caritate
1324 2979 1449 3044 compa·
1520 2953 1522 2958 ’

299 3089 383 3136 rerer
405 3069 436 3135 iu
461 3068 677 3137 sollicitudine
701 3071 750 3136 tui
774 3071 998 3148 atiniarum,
1024 3070 1078 3153 qui
1101 3071 1239 3166 salutem
1263 3075 1352 3136 tuam
1380 3072 1450 3136 dili·

301 3179 389 3262 gunt,
413 3177 466 3242 ucl
495 3181 672 3244 contestato
702 3196 882 3242 numerarer
909 3175 1034 3242 aflectu.
1066 3196 1138 3241 nam
1171 3176 1304 3242 effectus
1336 3177 1382 3243 iu,
1400 3178 1449 3244 tui
1466 3202 1494 3243 as

389 3404 407 3457 4
426 3403 504 3459 Prou.
527 3406 551 3468 1,
570 3403 599 3469 93
619 3406 645 3466 4,
664 3405 690 3461 9.
747 3404 780 3458 10
799 3403 837 3457 lV
857 3404 923 3473 Reg.
943 3404 969 3458 2.
991 3403 1018 3466 13
1039 3402 1099 3457 Act.
1121 3405 1162 3465 16,
1183 3404 1252 3458 1-3

338 3524 581 3581 1·ιίιιιιιιιιιοιιιο
651 3524 782 3590 doctrina,
801 3540 884 3592 super
902 3541 918 3578 a
936 3540 1007 3580 eras.
1026 3550 1060 3571 u
1076 3525 1105 3581 R
1158 3526 1449 3588 21niuua,m.2nra-

301 3629 352 3667 nus
370 3612 398 3666 P
414 3629 512 3667 munus
529 3612 679 3669 MACRK
749 3612 950 3682 isnlomouis]
968 3612 1139 3667 sermonisU
1209 3613 1364 3675 alliot-aru,
1380 3629 1449 3668 corr.

301 3701 448 3757 allici-scm
468 3701 495 3755 R
548 3703 687 3757 hnertiro
704 3702 732 3756 P
794 3701 972 3755 Saffscfihus
992 3703 1022 3756 Κ
1093 3705 1122 3755 et
1139 3717 1190 3755 our.
1210 3701 1272 3756 MA
1343 3702 1450 3756 hirsuti

302 3791 354 3845 sris
372 3789 432 3843 edd.
508 3792 538 3845 11
558 3789 723 3844 indiuiaoU
795 3792 828 3844 12
847 3794 879 3843 ut
897 3805 948 3844 om.
967 3789 1030 3844 MA
1108 3792 1146 3859 st]
1167 3790 1202 3845 ad
1220 3792 1248 3845 R
1320 3793 1449 3863 perfecta

301 3882 367 3933 Μ
383 3878 505 3948 perfecto
525 3880 552 3933 P
660 3882 693 3934 14
710 3884 755 3933 sat
774 3882 816 3933 sat
834 3879 886 3933 hoc
906 3879 956 3933 GP
979 3883 1016 3942 (rt
1039 3896 1073 3935 eo:
1090 3896 1159 3934 corr.
1179 3880 1366 3948 cr.2‚·.suitne
1384 3883 1448 3950 ulf)

337 3967 453 4029 hortari,
472 3971 539 4024 m.2
555 3967 677 4022 hortatui
695 3966 728 4021 K
784 3969 816 4022 17
836 3970 879 4021 eat
897 3965 1020 4021 curium
1034 3968 1094 4021 edd.
1166 3968 1267 4024 bonum
1281 3985 1332 4026 orrr.
1348 3971 1450 4027 Ardrl.

297 4061 454 4125 praetem
511 4056 543 4111 18
562 4057 623 4127 quia
640 4067 736 4127 parunt
754 4056 846 4111 Mla
902 4056 1071 4127 loe-gom
1087 4060 1194 4127 orgoA
1248 4059 1452 4128 200peruan

338 4144 401 4206 iliis,
421 4147 487 4198 mat
504 4144 624 4199 illiuaG
678 4146 727 4199 ‘al
747 4147 780 4199 tu
798 4144 832 4199 K
893 4144 929 4199 23
947 4144 1029 4206 uiros,
1050 4148 1114 4198 nost
1133 4145 1185 4199 del.
1205 4163 1218 4200 a
1237 4145 1268 4198 Κ
1340 4148 1373 4202 de
1392 4150 1451 4203 uita

302 4233 338 4287 M
355 4223 431 4302 (md
449 4231 554 4300 dehita)
574 4235 601 4287 A
620 4232 653 4287 de
673 4234 732 4287 uita
750 4238 780 4288 st
797 4233 848 4287 ΟΡ
922 4232 1141 4304 compararetis
1229 4237 1266 4312 24,
1282 4237 1379 4296 sollici.
1398 4253 1448 4291 rec.

302 4338 337 4374 ru.
357 4320 422 4376 add.
442 4322 548 4376 tatione
569 4321 592 4374 0
644 4323 679 4378 25
698 4320 823 4392 effectus]
844 4322 956 4382 affectus
978 4322 1028 4378 CR
1100 4324 1127 4377 iu
1149 4324 1200 4380 del.
1220 4328 1285 4378 aaz?
1302 4326 1339 4379 M
