3309 4867
497 175 503 220 l

560 376 826 460 epistularum
853 373 975 431 cxvm
1188 451 1191 456 Ι
1251 379 1341 446 ,685

192 572 252 638 ita.
265 573 322 651 ut,
346 570 375 638 si
397 589 470 654 qna
489 575 574 639 nuno
601 567 715 638 erroris
742 583 831 638 secta
858 573 968 637 conus
993 569 1172 655 ueritatem,
1204 572 1266 636 hoc
1292 573 1344 637 est
1419 642 1428 658 ,

194 681 304 745 centn
343 677 511 752 eccesiam
548 676 668 745 Christi
707 678 880 755 emerserit,
922 675 986 742 nisi
1025 676 1154 743 nornine
1195 680 1344 762 cooperta

194 773 388 851 Christiano
402 783 450 850 ad
472 785 680 870 pugnandum
710 784 856 869 prosilire
888 802 951 849 uon
982 783 1107 850 audeat.
1139 801 1177 849 er
1204 802 1265 868 quo
1296 784 1344 850 in·

192 890 359 977 tellegitur
384 887 474 974 meos
501 910 628 977 quoque
649 891 835 957 Platonicae
863 891 969 975 gentis
996 889 1204 977 philosophos
1231 892 1342 975 paucis

161 997 338 1074 annuntia,
361 1015 443 1080 qnae
465 995 645 1075 christiana
670 998 817 1084 inprobat
845 997 1025 1082 disciplina,
1051 998 1265 1066 inuictiasimo
1288 997 1344 1063 uui

193 1105 263 1190 regi
290 1103 416 1175 cunero
446 1104 517 1187 pias
544 1105 685 1171 ceruices
713 1105 858 1190 oportere
885 1102 1075 1172 submittere
1101 1106 1135 1170 ot
1159 1087 1344 1188 intellegere

182 1209 329 1284 >uerbum
348 1209 399 1276 dei
419 1209 547 1276 bomine
568 1210 728 1290 indutum,
750 1209 806 1294 qui
829 1209 928 1277 iussit
950 1213 984 1275 et
1000 1208 1156 1276 creditum
1174 1212 1234 1289 est,
1258 1210 1343 1293 quod

194 1316 244 1382 illi
265 1316 319 1382 uel
340 1314 480 1400 proferre
500 1316 696 1385 metuebint.
741 1345 744 1348 ‘
1139 1335 1143 1346 ·

91 1429 147 1498 22
239 1422 324 1488 Huic
350 1425 394 1500 te,
425 1422 470 1487 mi
496 1421 660 1501 Dioscore,
692 1424 732 1488 oc
756 1424 826 1489 tota
856 1423 976 1514 pietate
1008 1421 1128 1489 subdas
1159 1422 1259 1488 uelim
1285 1440 1343 1488 nee

149 1550 177 1590 ιο
195 1514 290 1594 aliam
321 1528 382 1595 tibi
418 1528 458 1593 ad
490 1529 715 1614 capessendam
747 1533 780 1594 ct
812 1527 1016 1596 obtinendem
1052 1516 1220 1599 ueritatem
1254 1529 1343 1594 uiam

195 1636 331 1715 munias,
355 1655 450 1720 quam
473 1655 552 1719 quae
575 1636 700 1702 munita
721 1639 774 1702 est
794 1636 835 1701 ab
859 1635 927 1726 illo,
951 1634 1007 1719 qui
1029 1653 1199 1721 gressuum
1221 1638 1343 1701 nosue·

195 1761 267 1808 rum
292 1746 456 1826 umquam
484 1742 562 1808 deus
594 1740 679 1808 uidit
704 1741 932 1810 infirmitatem.
966 1759 1003 1806 ea
1030 1744 1081 1806 est
1107 1745 1215 1808 summ
1241 1742 1344 1826 prima

194 1849 371 1927 humilitas,
409 1850 548 1916 seeundo
582 1847 761 1929 humilitas,
798 1847 893 1914 tertia
924 1848 1090 1914 humilitas
1122 1851 1164 1924 et,
1198 1849 1343 1931 quotiens

195 1955 416 2041 interrogares,
442 1956 503 2021 hoc
529 1954 678 2032 dicerem,
710 1969 772 2022 nou
799 1975 862 2038 quo
894 1954 957 2020 alia
981 1973 1044 2020 uon
1072 1954 1138 2020 sint
1163 1958 1343 2039 praecepta,

152 2080 178 2120 ιι
198 2080 277 2146 queo
304 2061 459 2138 dieantur,
491 2060 548 2128 ted
578 2062 643 2128 nisi
674 2061 840 2129 humilitas
868 2060 984 2141 omnia,
1012 2079 1231 2144 quaecumque
1262 2060 1343 2126 bene

196 2167 343 2247 eciam,
376 2171 410 2232 et
438 2167 649 2252 praecesserit
674 2171 709 2233 et
736 2170 888 2234 comitata
919 2175 965 2232 et>
982 2169 1153 2232 consecuta
1184 2165 1286 2231 inieritv
1311 2169 1346 2230 et

196 2274 371 2357 proposita,
394 2293 489 2360 quam
514 2275 706 2356 intueamur,
730 2278 764 2341 ct
783 2274 946 2359 adposita,
970 2274 1023 2340 cui
1050 2269 1288 2349 adhaereamus,
1312 2275 1345 2337 et

196 2380 345 2465 inposita,
378 2399 441 2466 qua
470 2382 690 2466 reprimamur,
723 2383 786 2447 ianr
818 2381 910 2448 nobie
939 2380 978 2446 de
1001 2381 1112 2464 ,aliquo
1144 2379 1227 2448 bono
1257 2380 1343 2445 facto

199 2486 411 2580 gaudentibus
437 2490 542 2554 totum
565 2492 731 2572 extorquet
754 2488 792 2553 de
815 2507 910 2553 mauu
940 2486 1098 2577 superbia.
1125 2486 1205 2552 uitia
1227 2486 1343 2570 qnippe

145 2611 179 2653 ao
198 2597 301 2660 cetera
317 2594 350 2658 in
368 2594 519 2675 peccatis,
543 2593 692 2678 superbia
713 2613 789 2666 nero
809 2594 905 2660 etiam
927 2594 960 2658 in
982 2595 1069 2659 recte
1091 2591 1346 2659 faustinoque

199 2703 258 2779 est,
281 2719 320 2765 ne
342 2700 408 2778 illa,
428 2720 508 2783 quae
529 2701 734 2773 laudabiliter
756 2701 842 2766 facte
864 2703 950 2778 sunt,
973 2699 1076 2783 ipsius
1099 2698 1204 2765 laudis
1224 2697 1345 2783 eupidi-

197 2810 264 2872 tate
296 2806 491 2873 amittantur.
528 2808 645 2893 itaque,
679 2807 764 2872 sicut
794 2807 903 2873 rhetor
933 2806 989 2872 ille
1020 2805 1239 2872 nobilissimus
1272 2823 1345 2869 cum

197 2913 411 2998 interrogatus
438 2918 534 2993 osset,
563 2913 640 2998 quid
669 2913 700 2979 ei
726 2915 865 2997 primum
897 2912 1060 2977 uideretur
1086 2913 1118 2977 in
1147 2910 1346 2996 eloquentiae

198 3021 375 3106 praeceptis
398 3019 560 3086 obseruari
583 3023 737 3106 oportere,
766 3018 1057 3104 pronuntiationem
1080 3016 1197 3083 dicitur
1218 3035 1346 3100 respon·

149 3141 182 3187 aa
200 3126 296 3208 disse,
315 3145 388 3192 uum
402 3131 613 3211 quaereretur,
633 3127 709 3211 qnid
728 3126 879 3204 seeundo,
898 3126 1028 3190 eandem
1047 3122 1346 3208 pronuntiationem,

200 3233 277 3317 quid
304 3232 409 3317 tertio,
435 3233 515 3299 nibil
543 3232 630 3298 aliud
653 3251 749 3317 quam
776 3231 1067 3317 pronuntiationem
1089 3229 1217 3319 dixisse,
1246 3229 1273 3294 si
1300 3227 1347 3292 in·

235 3476 324 3531 iniri
341 3477 371 3530 in
388 3476 501 3531 nemine
512 3476 662 3531 christiano
681 3480 810 3546 cooperta
827 3475 856 3531 B
928 3472 1157 3544 dpnngnandum
1179 3471 1208 3528 V
1283 3486 1346 3554 pro-

200 3563 289 3628 silere,
306 3567 373 3619 Μ
389 3565 513 3636 prosilire
531 3563 569 3619 Μ
638 3562 742 3626 audiat,
760 3579 830 3618 corr.
850 3560 951 3619 audeat
969 3559 996 3615 V
1045 3560 1156 3631 dipaoa
1174 3577 1260 3631 quoq;
1278 3559 1345 3615 Alit.
1389 3603 1393 3610 .

199 3652 341 3724 Platonicq
360 3651 450 3722 gentis
467 3652 655 3724 philosophos.
674 3652 826 3724 platonicos
845 3648 1022 3721 philosophos
1038 3651 1133 3721 paucis
1150 3647 1180 3709 R
1234 3649 1251 3702 5
1270 3663 1349 3718 queso

201 3748 269 3810 (roe.
288 3741 408 3809 1-21.)
427 3742 456 3795 P
506 3742 713 3796 dsummittere
731 3744 856 3810 oportere
873 3739 902 3795 B
956 3737 1037 3793 8uel
1054 3754 1106 3794 em.
1124 3737 1195 3793 ΡΨ
1251 3737 1285 3792 10
1304 3752 1348 3791 ea·

201 3831 362 3903 pessundant
379 3831 407 3885 P
477 3830 512 3886 12
529 3831 608 3892 uidit,
627 3847 696 3886 corr.
717 3828 822 3896 (mi)
842 3828 920 3883 uidet
937 3828 975 3882 P¹
993 3825 1070 3881 uidet
1086 3826 1145 3882 PV
1213 3827 1247 3882 lb
1265 3824 1349 3880 racia·

200 3937 260 3976 mus
278 3920 307 3976 A
391 3920 528 3984 comitate,
547 3935 615 3975 corr.
634 3922 678 3991 (aa.
689 3918 741 3987 li)
759 3920 889 3974 cornitata
906 3915 945 3971 P¹
970 3916 1136 3981 comittatnr,
1153 3918 1222 3969 me
1238 3914 1349 3969 comite·

201 4014 248 4064 tur
264 4010 293 4065 P
309 4009 456 4064 comitatur
473 4004 492 4063 a
511 4009 655 4064 comitetur
674 4013 733 4063 ortt.
753 4007 813 4064 edd.
888 4007 921 4061 17
941 4004 1064 4060 ineamus
1080 4005 1108 4059 A
1181 4003 1215 4059 18
1234 4003 1347 4072 quaeA

239 4099 318 4154 nobie
335 4097 399 4152 MA
469 4097 506 4152 20
523 4098 551 4150 in
570 4097 651 4151 rectis
671 4098 733 4155 (om.
753 4095 854 4162 iactis),
872 4100 933 4148 ecl
950 4110 1037 4163 supro
1054 4093 1068 4146 l
1085 4092 1112 4146 in
1131 4095 1206 4147 recte
1223 4090 1304 4145 iactis
1322 4088 1351 4144 R
1416 4079 1420 4088 ’

204 4189 232 4241 in
251 4187 332 4241 rectis
349 4188 429 4258 (corrr
450 4190 511 4239 eal
528 4190 612 4253 recte)
632 4184 714 4239 iactis
732 4183 759 4237 V
804 4184 840 4238 24
860 4182 1003 4242 obseruare
1021 4181 1119 4235 debere
1136 4180 1165 4236 R
1219 4180 1254 4235 25
1268 4194 1350 4248 quae·

204 4280 280 4332 retur
298 4278 324 4329 A
378 4276 413 4330 26
432 4275 546 4329 dixisset
564 4275 591 4328 P
660 4273 695 4343 si]
715 4273 756 4327 ita
774 4272 834 4326 eim
