3309 4867
342 401 406 471 718
717 397 744 454 8.
772 397 911 453 Aureli
938 397 1158 467 Augustini

288 591 331 656 16
384 597 427 662 ut
457 597 485 662 si
517 595 598 661 forto
630 594 663 659 in
694 594 746 660 his
779 595 885 661 uorbis
914 594 1034 661 domini
1061 594 1147 661 aliud
1170 593 1283 679 aptus
1308 594 1492 679 meliusque

339 703 483 789 intellegi
514 706 630 786 potest,
663 700 770 785 opinio
802 705 920 778 tamon,
954 720 1018 786 qua
1047 703 1180 787 putatur
1207 700 1393 768 substantia
1418 718 1492 770 ossa

337 808 439 893 patris
461 809 492 874 in
512 808 610 884 oaolo,
634 807 807 874 seeundum
833 807 917 892 quod
940 812 1031 893 patsr
1051 827 1115 874 nna
1137 809 1168 874 in
1191 807 1334 874 trinitate
1355 801 1491 892 persona

341 918 400 992 ost,
424 913 578 981 diuinitas
601 932 675 980 noro
699 929 760 979 non
785 913 817 978 in
837 915 924 980 caulo
947 917 1074 980 tantum
1096 914 1155 981 sod
1176 914 1296 998 ubique
1315 917 1375 993 ost,
1397 912 1490 997 quasi

292 1109 295 1112 ι
340 1018 428 1087 aliud
455 1021 500 1087 sit
525 1024 615 1105 pater
646 1019 733 1086 aliud
761 1019 914 1086 diuinitas
942 1021 1022 1097 eiua,
1045 1025 1132 1105 'quae
1157 1021 1207 1087 illi
1235 1019 1411 1086 communis
1440 1021 1493 1085 ast

340 1145 413 1194 oum
446 1125 512 1193 illio
541 1130 575 1191 et
604 1124 719 1209 spin‘tu
752 1130 873 1204 sancto,
906 1129 943 1191 ut
968 1126 1041 1209 ipsa
1066 1125 1193 1192 trinitas
1218 1130 1382 1211 tamquam
1408 1124 1491 1191 looia

341 1231 559 1318 corporalibus
591 1236 623 1297 ot
653 1237 817 1314 tamquam
849 1249 1000 1316 corporea
1036 1232 1089 1310 sit,
1127 1232 1280 1298 diuinus
1315 1250 1391 1300 nero
1426 1249 1489 1298 nna

339 1339 437 1406 trium
465 1357 670 1423 personarum
693 1337 814 1421 ubique
841 1338 886 1403 sit
911 1356 1061 1423 praesens
1083 1338 1210 1422 etipsa
1236 1339 1306 1404 sola
1326 1343 1490 1422 tamquam

340 1445 525 1529 incorporea
546 1443 665 1527 ubique
689 1443 733 1509 sit
755 1445 834 1522 tota,
863 1443 931 1509 sino
954 1443 1153 1510 dubitatione
1175 1443 1352 1529 respuenda
1375 1451 1433 1510 ost
1461 1444 1491 1511 si

341 1551 424 1617 enim
444 1550 582 1635 qualitas
602 1568 711 1616 soram
729 1554 816 1616 asset
834 1585 878 1599 -
898 1549 983 1633 quod
1002 1549 1097 1628 absit,
1119 1545 1158 1615 u't
1178 1549 1211 1614 in
1235 1553 1323 1633 patro
1346 1554 1403 1618 aut
1424 1551 1489 1617 filio
1508 1579 1526 1615 1«

341 1663 398 1723 aut
415 1658 530 1741 spiritu
549 1660 659 1722 sanato
678 1655 764 1722 aliud
785 1656 827 1721 sit
848 1657 987 1740 qualitas
1010 1657 1098 1722 aliud
1117 1657 1298 1723 substantia
1314 1694 1366 1735 μ,
1384 1661 1490 1723 tamon

341 1764 368 1828 si
392 1783 501 1829 sorum
526 1763 663 1847 qualitas
687 1780 759 1827 uass
780 1765 902 1844 possut,
927 1762 1037 1846 utiquo
1061 1763 1199 1846 amplius
1222 1762 1317 1829 alicui
1340 1781 1434 1847 quam
1456 1764 1490 1829 in

342 1889 401 1935 sua
428 1868 609 1934 substantia
637 1887 708 1933 asse
735 1885 798 1933 non
824 1872 949 1953 possota
982 1869 1012 1934 si
1038 1872 1146 1934 autam
1174 1868 1354 1935 substantia
1381 1871 1431 1935 ost
1458 1873 1492 1934 at

342 1976 482 2054 aliaest,
503 1994 599 2059 quam
618 1976 695 2041 sunt
712 1973 786 2057 ipsi,
806 1973 869 2039 alia
887 1974 1142 2056 substantiam,
1161 1972 1247 2059 quod
1264 1975 1364 2042 nihilo
1383 1974 1490 2042 minus

341 2082 514 2147 falsissimo
538 2081 686 2146 creditur.
1507 2106 1534 2147 rr
1635 2161 1636 2184 Χ

291 2185 330 2248 ll
386 2187 449 2254 Sed
477 2188 505 2253 si
533 2188 615 2254 forte
642 2187 749 2252 minna
775 2186 947 2273 intellegis,
975 2188 1057 2252 inter
1079 2188 1266 2271 qualitatem
1294 2191 1389 2271 atqua
1416 2186 1490 2256 aula

342 2295 491 2360 stantiam
526 2292 602 2377 qnid
634 2292 770 2370 intersit,
802 2292 864 2359 hoo
891 2298 974 2360 osrts
1007 2293 1135 2364 facilius
1166 2294 1318 2372 aluums,
1345 2292 1430 2377 quod
1455 2299 1490 2359 ot

342 2400 493 2465 diuinitas
521 2399 674 2464 trinitatis
697 2434 741 2446 —
764 2416 845 2481 quas
872 2401 1004 2483 putatur
1030 2399 1093 2465 alia
1119 2418 1201 2477 oasa,
1225 2418 1320 2483 quam
1342 2401 1393 2466 ast
1419 2400 1490 2483 ipsa

340 2506 477 2585 trinitas,
502 2509 535 2570 et
556 2509 684 2589 proptor
705 2504 788 2570 hano
811 2503 873 2571 dioi
900 2524 963 2571 non
985 2509 1050 2571 tros
1073 2505 1149 2573 deos
1177 2505 1234 2572 sod
1260 2525 1360 2571 unum
1382 2505 1497 2582 doum.

343 2613 489 2696 qnoniam
513 2612 583 2695 ipso
607 2616 657 2677 est
678 2610 781 2676 tribus
805 2629 870 2676 una
891 2612 1069 2678 communis
1092 2627 1136 2660 ’-
1158 2615 1216 2678 aut
1237 2611 1418 2680 substantia
1439 2615 1491 2677 ast
1505 2630 1535 2673 ro

342 2720 485 2784 autnon
515 2721 566 2782 ost
598 2716 786 2783 substantia
820 2718 848 2783 si
880 2717 1062 2784 substantia
1088 2720 1138 2784 ost
1164 2722 1197 2784 at
1228 2718 1291 2783 alia
1317 2721 1368 2784 ast
1394 2736 1489 2803 quarn

341 2828 431 2907 pater
452 2827 509 2887 ant
531 2822 617 2888 filius
641 2825 697 2887 aut
719 2820 852 2906 spiritus
876 2826 1007 2889 sanatus
1026 2825 1083 2888 aut
1100 2822 1209 2889 aadom
1233 2823 1330 2888 simul
1353 2822 1489 2900 trinitas,

341 2927 567 3015 proculdubio
591 2928 652 2994 alia
675 2919 857 2994 'substantia
874 2931 938 3005 eat3
961 2928 1023 2995 hoo
1047 2932 1154 2995 autam
1176 2930 1299 2995 ueritas.
1317 2928 1434 2995 refellit
1456 2933 1491 2995 at

341 3036 472 3119 inspuit.
497 3036 526 3100 si
549 3039 655 3100 autem
679 3054 740 3099 non
760 3037 810 3100 ost
833 3034 1100 3114 snbstantiaista
1117 3035 1270 3101 diuinitas
1292 3036 1416 3120 etipsa
1438 3045 1489 3101 sat

304 3131 307 3136 ‘
342 3144 430 3222 deus,
454 3141 530 3225 quia
555 3139 627 3225 ipsa
653 3145 704 3207 ost
730 3139 849 3223 ubique
873 3143 951 3219 tota,
978 3160 1040 3206 non
1068 3141 1125 3207 illa
1150 3140 1286 3217 trinitas,
1309 3161 1384 3227 argo
1408 3140 1489 3207 dous
1506 3161 1537 3204 ss

341 3251 476 3314 nonest
502 3247 697 3322 substantia
728 3246 799 3330 quis
827 3248 888 3313 hoo
912 3246 1089 3314 catholicus
1114 3247 1247 3313 disent?
1274 3247 1352 3320 itam
1375 3246 1488 3313 sinon

342 3358 391 3420 est
422 3352 602 3420 substantia
632 3353 696 3416 ista
723 3351 874 3417 diuinitas
903 3355 936 3417 ot
967 3351 1143 3418 secundum
1174 3351 1256 3419 hano
1283 3356 1333 3419 ost
1362 3353 1488 3420 trinitas

340 3480 423 3525 unus
443 3459 533 3541 dous,
553 3457 638 3543 quod
661 3457 739 3523 haec
763 3477 825 3523 una
842 3461 894 3524 ast
915 3457 1081 3534 intritus,
1103 3477 1165 3524 non
1184 3457 1297 3524 <laban
1314 3458 1377 3525 dioi
1399 3462 1507 3543 putor·

377 3599 391 3652 1
412 3597 486 3652 aliud
505 3614 556 3654 ont.
573 3595 689 3652 ΟΡΤΤι
707 3595 768 3650 edd,
783 3601 898 3665 praeter
905 3613 940 3670 sn,
953 3596 1004 3651 ubi
1016 3603 1084 3666 post
1096 3596 1167 3652 forto
1180 3598 1304 3668 positum
1317 3603 1357 3653 aot
1410 3612 1488 3668 apor-

339 3688 395 3742 tius
414 3685 441 3739 P
510 3687 632 3757 ipatris
652 3702 710 3739 esse
734 3684 768 3738 T¹
787 3684 847 3742 odd.
927 3687 992 3740 aaa
1010 3701 1070 3740 oum
1089 3686 1186 3756 spiritu
1205 3685 1267 3739 Pan
1337 3685 1417 3741 tout
1432 3701 1477 3741 ow

297 3815 303 3826 .
343 3772 533 3830 opulnto.
590 3774 624 3829 10
641 3775 760 3828 eorumll
774 3776 883 3843 (parua
900 3773 1012 3841 rna.)B
1067 3775 1100 3829 12
1118 3773 1254 3829 alicubirn
1325 3771 1481 3829 inuno?

340 3864 402 3919 edd.
419 3859 565 3932 prosterni
621 3863 654 3918 13
668 3879 714 3932 pr.
729 3845 884 3916 substantia
901 3879 953 3918 om.
976 3861 1092 3918 ΟΡΤΤι
1110 3862 1172 3921 odd.
1185 3869 1337 3932 protinas
1392 3864 1425 3918 14
1441 3873 1488 3918 est

340 3952 532 4006 substantias)
570 3951 603 4006 lo
617 3952 778 4020 qualitatem
793 3955 821 4004 et
835 3951 1016 4006 substantiam
1034 3950 1150 4006 0PTT¹
1162 3951 1344 4006 substantiam
1357 3954 1387 4006 at
1399 3950 1494 4022 quali·-

340 4043 425 4094 tatom
444 4039 504 4093 odd.
559 4038 900 4110 soquoniam1quam0
948 4040 980 4094 21
1003 4041 1031 4094 at
1050 4040 1105 4094 alia
1123 4042 1166 4095 ast
1184 4040 1234 4102 bis,
1254 4039 1372 4094 alama
1390 4037 1441 4098 unt

340 4130 375 4182 22
390 4131 467 4198 pater
481 4129 539 4198 aut]
555 4133 635 4199 pater
648 4133 677 4181 ot
686 4128 713 4181 P
767 4129 875 4182 trinitas
890 4129 969 4183 simul
978 4128 1066 4198 siquis
1074 4145 1142 4184 oorr.
1156 4128 1192 4183 T¹
1227 4129 1263 4183 24
1275 4127 1446 4183 substantia·

339 4217 374 4271 27
392 4217 461 4271 hano
476 4219 529 4287 est]
549 4216 620 4271 hano
638 4233 697 4272 asse
720 4216 744 4271 0
797 4216 831 4271 28
851 4216 957 4287 quoolon
978 4221 1045 4285 (roa.
1064 4220 1137 4274 1-2
1155 4217 1186 4287 l.)
1200 4217 1228 4271 B
1280 4232 1334 4271 una
1350 4216 1381 4272 in
1397 4215 1489 4272 tribus

340 4310 450 4392 estnec
469 4305 564 4360 debuit
586 4305 619 4359 T*
