3309 4867
346 311 411 377 674
702 309 731 366 S.
758 309 897 364 Aureli
923 309 1145 380 Augustini

343 504 482 570 inieoisti
506 507 539 570 et
560 521 743 587 aequoque
766 503 837 587 ipsa
858 503 1010 569 inuenisii
1032 504 1154 569 talibus
1175 504 1271 580 rebus
1293 503 1379 569 nude
1402 507 1503 588 etque

344 609 468 696 frigida,
504 610 561 675 ubi
596 609 654 676 has
683 628 785 675 ‘ouras
820 611 893 675 tuas
932 609 1114 694 deponeres,
1150 609 1402 677 Christianorum
1438 610 1502 675 tibi

343 717 477 783 basilios
494 716 723 799 Hipponiensis
742 717 890 793 occurrit,
910 717 986 799 quia
998 716 1032 782 in
1050 735 1086 783 ea
1104 736 1188 783 nuno
1207 716 1299 782 sedet
1316 717 1499 810 episeopus,

344 823 399 907 qni
417 821 584 905 aliquando
605 821 672 888 isia
695 822 802 904 pneris
821 822 976 889 uendidit.
1001 822 1059 889 sed
1081 842 1139 888 neo
1157 826 1190 889 ie
1207 823 1283 890 uolo
1303 842 1373 889 esse
1392 824 1499 891 adhue

343 941 478 1014 puerum
498 931 530 993 et
548 946 599 994 me
617 929 681 993 iam
701 946 771 994 esse
795 928 967 1011 puerilium
984 946 1090 994 rerum
1109 930 1195 998 sioni
1212 948 1274 995 non
1298 928 1499 995 uenditorem
1530 944 1544 982 ⁵

341 1031 390 1101 iia
412 1054 470 1102 neo
493 1035 679 1126 largitorem
702 1033 804 1100 deaei
829 1054 911 1118 quae
934 1053 1008 1100 oum
1031 1033 1078 1100 iia
1099 1035 1173 1114 sint,
1197 1036 1231 1101 id
1254 1040 1304 1103 est
1323 1055 1396 1101 eum
1415 1035 1498 1101 duae

342 1145 449 1214 tantae
473 1143 569 1207 nrbes
592 1140 778 1207 Latinarum
805 1140 985 1235 litterarum
1009 1141 1156 1221 artifices,
1179 1142 1283 1221 Roma
1304 1141 1400 1227 adque
1423 1141 1498 1208 Oar-

341 1249 450 1336 ihago¹
474 1266 534 1313 neo
552 1248 657 1313 taedio
676 1247 737 1312 tibi
761 1248 837 1328 sint,
861 1251 898 1313 ut
920 1261 945 1312 a
957 1250 989 1314 te
1011 1248 1075 1314 ieta
1096 1236 1292 1333 perquirant,
1314 1267 1373 1314 neo
1390 1248 1498 1314 taedia

267 1378 271 1384 ⁴
341 1359 398 1421 tua
421 1357 541 1426 ourani,
570 1357 608 1419 nt
629 1357 662 1419 te
691 1354 756 1419 ista
777 1354 1014 1438 perquirentem
1037 1355 1215 1437 exaudiant,
1237 1356 1336 1421 miror
1357 1358 1495 1432 annm,

341 1464 495 1544 quantum
516 1460 579 1525 dioi
602 1480 664 1526 non
686 1463 804 1544 potest,
828 1461 992 1539 notoriis,
1015 1465 1082 1528 tam
1105 1447 1317 1546 boniingenii
1334 1462 1494 1537 iuuenem,
1515 1477 1539 1516 ¹⁰

341 1586 379 1632 ne
420 1568 456 1633 in
492 1566 623 1633 Graecis
667 1570 762 1651 atque
801 1566 1009 1640 orieniehbds
1050 1568 1183 1635 urbibus
1224 1587 1419 1652 quemquam
1455 1566 1494 1631 de

275 1745 282 1756 ,
339 1674 390 1739 his
431 1674 526 1739 rebus
562 1673 737 1740 molestum
777 1674 1043 1759 interrogatorem
1076 1675 1171 1741 ieras.
1210 1676 1346 1742 faoilius'
1376 1666 1494 1759 quippe

340 1780 517 1847 oornioulas
540 1780 573 1848 in
591 1779 699 1846 Africa
717 1780 856 1848 audieris
875 1800 971 1864 qnam
995 1781 1028 1845 in
1051 1781 1117 1847 illis
1139 1782 1285 1865 partibus
1308 1780 1369 1847 hoo
1393 1799 1493 1866 genus

339 1906 440 1954 neore.
918 1913 930 1966 p

288 1993 329 2058 10
383 1992 507 2059 Deinde
535 1991 564 2058 si
591 1991 685 2057 fallor
712 1996 746 2058 et
773 1994 941 2076 quisquam
969 1994 1015 2058 ibi
1047 1994 1128 2060 forte
1158 1993 1255 2060 huius
1282 1993 1371 2058 modi
1398 2010 1493 2078 qnae
1513 2007 1534 2046 1⁸

337 2099 479 2170 stionum
507 2100 596 2163 tanto
624 2099 737 2186 ntique
766 2099 906 2178 odiosior
933 2102 1053 2182 quanio
1081 2100 1117 2164 in
1145 2099 1211 2166 illis
1242 2099 1324 2166 lonis
1353 2096 1493 2181 ineptior

336 2208 540 2298 percontator
567 2205 717 2284 extiterit,
749 2224 853 2271 nonne
885 2206 989 2291 magis
1018 2224 1125 2285 osnes,
1157 2225 1195 2271 ne
1227 2207 1331 2273 multo
1364 2201 1491 2271 isoilins

338 2310 488 2388 existant,
519 2311 574 2393 qni
606 2314 639 2376 te
673 2311 788 2379 Graeoi
819 2312 964 2377 homines
997 2311 1030 2376 in
1054 2311 1188 2379 Graeoia
1218 2312 1430 2379 constitutum
1457 2313 1490 2375 ei

338 2417 461 2484 Graeoa
479 2404 627 2484 inausum
650 2417 800 2500 primitus
823 2417 934 2502 lingna
952 2416 990 2481 de
1008 2417 1089 2500 ipsis
1114 2418 1378 2502 philosophorum
1400 2415 1490 2498 libris

296 2574 299 2580 .
337 2524 444 2607 aliqua
461 2523 665 2608 interrogena
684 2541 766 2605 quae
782 2523 892 2590 Cioero
906 2524 939 2590 in
958 2524 1027 2590 suis
1042 2524 1158 2590 litteris
1176 2543 1239 2590 non
1256 2523 1388 2607 posuit?
1406 2521 1491 2607 qnod
1505 2538 1532 2586 aa

339 2631 367 2696 si
390 2629 551 2707 acciderit,
576 2629 654 2712 qnid
675 2648 887 2713 responsurus
907 2634 963 2696 es?
980 2630 1089 2715 potius
1112 2634 1145 2706 to
1166 2631 1231 2696 isia
1253 2632 1287 2697 in
1305 2630 1491 2700 Latinorum

314 2777 317 2783 Δ
337 2739 504 2812 auctorum
521 2735 611 2801 libris
627 2756 722 2818 quana
735 2737 768 2801 in
784 2735 975 2803 Graecorum
996 2754 1091 2803 nosse
1109 2736 1273 2804 uoluisse?
1288 2755 1351 2819 qna
1363 2753 1490 2818 respon-

339 2844 426 2909 sione
444 2843 549 2927 primo
563 2841 713 2909 Graeciae
732 2843 831 2909 sanies
848 2843 996 2908 iniuriam
1011 2846 1044 2909 ei
1056 2843 1152 2924 nosti,
1167 2863 1261 2927 quarn
1280 2842 1329 2908 illi
1347 2842 1490 2919 homines

337 2948 397 3014 hoo
425 2969 487 3016 non
510 2949 627 3026 ierant3
657 2947 770 3021 deinde
795 2949 860 3014 iam
888 2949 1060 3015 exulcerati
1083 2953 1115 3015 ei
1141 2949 1214 3015 irati
1238 2948 1419 3031 quamcito
1446 2949 1488 3026 te,

336 3056 423 3139 qnod
448 3055 544 3122 nimis
572 3074 634 3120 non
661 3057 724 3135 uis,
753 3058 786 3121 et
811 3037 961 3124 hebetem
987 3055 1184 3133 iudicabunt,
1212 3055 1267 3139 qni
1296 3054 1488 3121 Graecorum
1505 3072 1530 3113 a

336 3163 600 3246 philosophorum
620 3161 770 3247 dogmata
792 3162 846 3228 uel
868 3159 976 3247 potius
995 3160 1182 3246 dogmatum
1204 3161 1381 3245 particulas-
1397 3178 1488 3243 qnas-

336 3269 410 3334 dam
437 3268 613 3352 discerptas
641 3272 738 3352 atque
766 3260 926 3354 dispersas
957 3268 989 3334 in
1017 3268 1140 3335 Latinis
1168 3269 1304 3354 dialogis
1332 3287 1428 3353 quam
1455 3269 1487 3332 in

371 3579 592 3652 Hipponensis
609 3581 670 3646 edd.
743 3583 908 3638 occurratis
957 3580 1174 3648 5nendiiorum,
1191 3585 1259 3638 as.2
1277 3580 1446 3637 uenditorem
1459 3580 1488 3634 P

335 3668 481 3740 6deontq;
501 3686 563 3724 enm
581 3669 619 3724 Μ
689 3671 832 3725 'dianium
855 3669 882 3723 V
942 3660 1083 3735 9onrsnt,
1102 3686 1171 3729 corr.
1189 3674 1251 3726 eal
1268 3674 1364 3725 ourani
1379 3671 1408 3723 A
1426 3685 1486 3724 onr-

335 3761 397 3812 rent
413 3757 476 3811 MP
493 3757 676 3829 (odreap.)
711 3751 716 3758 ’
747 3759 794 3825 nd,
811 3757 974 3814 adut?
1046 3762 1145 3814 tenna
1162 3758 1227 3816 MA
1300 3759 1333 3814 10
1352 3758 1485 3814 noeriis

333 3851 488 3906 namon.
507 3847 536 3901 P
596 3849 626 3902 ll
647 3848 772 3904 turbibns
791 3847 956 3920 (trop.)V
1016 3849 1050 3903 12
1067 3848 1213 3904 molestum
1230 3847 1330 3904 omi
1391 3847 1484 3903 loin-

335 3936 435 4007 optior]
455 3952 499 3990 nne
517 3936 609 4007 potior
625 3936 653 3991 A
744 3938 777 3992 17
801 3940 992 4008 peroonoisior
1008 3936 1169 3993 MARP¹V
1274 3937 1405 4004 orientii,
1423 3940 1485 3992 Μ

335 4025 472 4080 exstiterit
488 4025 517 4080 P
581 4026 616 4080 22
634 4028 663 4081 in
682 4043 743 4092 ooo,
761 4033 823 4082 nal
841 4018 909 4083 ⁰de
926 4027 964 4082 Μ
1034 4043 1104 4098 qnae
1122 4027 1160 4082 Μ
1175 4027 1222 4098 qni
1245 4025 1273 4082 V
1336 4026 1482 4097 23quan1]

335 4114 401 4184 qnia
417 4112 455 4167 Μ
504 4114 540 4171 25
559 4132 613 4170 non
631 4116 674 4170 uis
691 4114 814 4171 nimisR
868 4117 903 4171 26
922 4116 1013 4187 potius
1031 4114 1168 4172 aare?
1217 4115 1252 4172 27
1272 4115 1414 4187 decerpas·
1426 4111 1485 4170 BV

334 4202 415 4290 (con.
434 4202 595 4275 discerptas)
668 4205 816 4276 disperses]
837 4204 958 4277 dispares
976 4206 1004 4259 A
1022 4206 1172 4277 discerptas
1192 4205 1312 4276 (Mas)
1331 4203 1403 4259 ΡΨ
