3309 4867
254 375 321 438 234
604 372 631 427 S.
660 344 798 432 Aureli
824 371 1044 442 Augustini

254 567 413 650 agendum
435 569 542 650 putet,
563 587 656 651 egere
679 551 863 655 neglexerit,
892 567 1042 651 deinceps
1070 567 1140 632 eins
1168 585 1280 632 uocem
1307 585 1401 633 nemo

254 673 377 741 audac..
404 686 463 739 nos
491 676 609 754 autem,
639 674 765 742 domiue
791 674 987 740 beatissime·
1001 677 1035 739 et
1056 673 1281 741 uenerabiliter
1302 674 1403 740 susci·

253 777 367 862 piende
388 781 487 864 peter,
512 780 541 844 si
561 775 641 849 besu
663 779 781 846 indicia
803 780 905 856 melse
928 780 1180 851 conuersationis
1202 780 1401 863 clericorum,
1520 801 1524 810 ·

253 885 389 955 menime
412 903 486 953 cum
508 885 593 961 tems
615 903 677 953 nen
700 886 783 954 bens
806 905 860 953 ecs
884 887 1026 973 coeperit
1047 885 1204 965 comitari,
1226 892 1401 969 ncnputu

253 992 396 1058 uerimus
415 991 481 1057 nisi
503 1010 540 1059 ec
562 994 657 1061 mede
681 992 884 1072 uindicsuds,
901 1014 963 1077 quc
982 994 1014 1060 in
1034 980 1168 1060 concilio
1187 994 1397 1060 constitutum
1434 1015 1449 1055 s

254 1101 315 1177 est,
337 1097 508 1182 incipimus
530 1100 603 1185 cogi
626 1119 673 1179 eu,
696 1119 777 1184 quse
800 1101 876 1166 sciri
894 1117 956 1167 nen
975 1104 1121 1184 possunt,
1140 1101 1224 1166 uelle
1243 1088 1401 1174 discutere

255 1209 288 1268 et
319 1207 384 1269 sut·
405 1204 530 1275 incerte
557 1205 706 1280 duunnsrs
737 1210 794 1272 sut
824 1226 900 1272 uere
932 1206 1094 1292 incognita
1125 1207 1304 1290 praeterire.
1341 1225 1400 1293 ege

255 1312 341 1375 certe
363 1312 595 1404 presbyterum,
618 1312 734 1395 utqui
757 1311 808 1377 die
830 1312 953 1388 ieiunii,
977 1331 1039 1394 quc
1063 1313 1207 1379 eiusdem
1224 1313 1287 1379 loci
1305 1314 1402 1380 etism

256 1416 391 1484 ecclesis
421 1418 593 1502 ieiunubet,
625 1419 719 1484 ‘usle'
750 1418 869 1485 inciens
901 1419 1044 1502 collegas
1076 1438 1135 1485 suc
1167 1404 1323 1485 eiusdemv
1338 1419 1402 1484 loci

255 1522 438 1608 presbytero
466 1520 550 1607 spud
578 1522 734 1591 fumosum
761 1526 929 1590 mulierem
957 1527 1080 1590 nullum
1109 1544 1219 1590 secum
1251 1524 1401 1589 clericum
1422 1546 1450 1587 rs

255 1629 374 1696 hebens
401 1649 562 1695 remanere
591 1634 623 1695 st
647 1631 800 1714 prandere
827 1635 862 1697 et
887 1651 998 1697 cenare
1026 1650 1132 1696 susus
1153 1635 1203 1697 est
1230 1634 1263 1696 et
1284 1631 1316 1695 in
1339 1650 1403 1696 uns

255 1737 349 1806 dome
380 1737 526 1815 dormire,
557 1737 786 1803 remouendum
814 1740 853 1803 sb
882 1737 988 1804 officio
1014 1737 1203 1822 presbyterii
1230 1735 1422 1803 arbitratus*

256 1831 339 1907 sum¹
359 1841 475 1908 timens
508 1843 538 1908 ei
565 1843 713 1927 deinceps
742 1844 911 1910 ecclesium
940 1844 991 1909 dei
1018 1845 1228 1909 committere.
1261 1844 1346 1926 qued
1374 1843 1402 1908 si

254 1949 335 2014 forte
357 1949 518 2014 iudicibus
542 1950 770 2016 ecclesiasticis
794 1945 881 2016 aliud
905 1951 1044 2028 uidetur,
1067 1952 1142 2037 quis
1165 1969 1220 2016 ser
1240 1950 1402 2032 episcopis

256 2074 384 2120 causum
406 2056 582 2140 presbyteri
605 2057 774 2123 terminare
798 2058 932 2123 concilio
957 2061 1115 2123 statutum
1138 2061 1198 2136 est,
1222 2059 1449 2122 committatis

255 2163 313 2239 illi,
337 2163 392 2245 qui
415 2164 497 2240 uuit,
522 2162 690 2229 ecclesiam
714 2183 791 2229 suae
814 2184 908 2229 curse
932 2165 1151 2239 commissam
1184 2183 1243 2249 ego
1271 2164 1402 2242 talibus,

255 2269 365 2346 fateor,
395 2268 571 2351 quemlibet
597 2268 723 2352 plebem
752 2271 952 2336 committere
979 2270 1088 2345 timeo,
1111 2268 1298 2352 praesertim
1322 2288 1402 2351 qnos

256 2374 344 2438 nulls
375 2374 457 2439 bene
488 2374 573 2439 tems
604 2375 755 2452 defendit,
783 2380 822 2449 ut
848 2377 909 2442 hoc
938 2377 984 2441 eis
1012 2376 1117 2460 possit
1143 2371 1276 2460 ignosci,
1300 2394 1349 2452 ne,
1373 2376 1402 2441 si

257 2479 333 2561 quid
357 2480 565 2563 perniciosius
580 2481 738 2565 eruperit,
760 2483 916 2566 languens
940 2484 1082 2565 inputem
1107 2482 1197 2547 mihi.

291 2672 309 2724 2
327 2668 434 2724 demine
452 2670 621 2726 sanctissime
633 2672 663 2726 P
679 2670 836 2725 beatissime
855 2672 963 2727 domine
980 2673 1006 2725 Τ
1022 2672 1084 2728 edd.
1158 2671 1329 2742 suspiciende
1343 2671 1420 2728 HR.

257 2758 614 2814 tcomiterietncuHR
650 2759 808 2818 bnisicm.
832 2760 978 2816 THRVU
992 2760 1052 2814 edd.
1108 2761 1202 2815 ensH
1236 2760 1404 2814 ietsndP

256 2849 321 2902 Set
339 2846 416 2902 cedd.
436 2847 512 2915 cdd.,·
533 2848 682 2903 mci
702 2851 748 2916 ut,·
771 2850 805 2919 ef.
829 2848 896 2904 Tse.
918 2850 1007 2905 Germ.
1032 2853 1114 2912 22,1
1205 2850 1236 2903 ll
1256 2849 1402 2903 habentem

255 2935 334 2990 cedd.
352 2930 411 3004 tls
465 2936 605 2992 residem
624 2936 653 2991 P
723 2937 767 2992 dei
785 2937 887 2993 cuc?
954 2941 988 2995 15
1001 2937 1162 3009 ‘presbiterii
1185 2937 1241 2992 VU
1307 2937 1401 2993 termi-

143 3097 145 3102 .
254 3025 349 3078 nerim
405 3025 438 3080 18
457 3025 514 3079 ulls
537 3025 594 3080 VU
645 3027 678 3081 19
697 3026 774 3096 eripu
794 3030 877 3096 (esp.)
897 3028 1018 3098 eruperit
1039 3025 1067 3081 U
