3309 4867
530 316 795 387 epistularum
824 317 893 373 clv.
1224 324 1290 389 585

136 528 212 575 mea
232 509 331 575 uerba
353 529 435 575 nunc
458 510 578 576 insero:
603 510 683 575 ‘Non
708 511 899 595 praeterita‘,
928 513 1066 598 inquam,
1090 513 1291 582 ‘uindicando

135 634 269 700 pascere
286 616 365 681 iram
385 620 528 682 nostram
545 616 725 693 studemus,
749 617 806 682 sed
829 618 1075 702 misericorditer
1096 619 1127 685 in
1147 620 1292 688 futurum
1346 651 1351 657 ·

138 722 334 789 consulendo
375 722 563 807 satagimus.
605 722 723 789 babent
762 723 908 790 homines
949 725 1036 804 mali,
1072 726 1128 792 ubi
1164 732 1198 793 st
1236 747 1294 812 per

139 828 340 897 Christianos
368 849 430 896 non
462 831 567 895 solum
595 833 761 895 mansuete
794 835 907 896 uerum
935 833 1033 898 etiarn
1059 833 1183 900 utiliter
1209 834 1294 899 salu·

100 934 302 1019 sbriterqne
332 935 527 1018 plectentem
561 935 680 1000 habent
712 935 806 1014 enim,
841 937 927 1019 quod
954 955 1085 1023 corpore
1116 938 1296 1008 incolumes

138 1040 266 1120 uiuunt,
294 1041 423 1119 babent,
446 1042 530 1107 unde
553 1041 681 1129 uiuunt,
710 1041 839 1121 babent,
863 1041 946 1109 unde
968 1044 1053 1110 male
1075 1043 1200 1114 uiuunt
1229 1045 1292 1113 duo

137 1149 243 1231 prima
264 1148 355 1214 salua
377 1147 452 1225 sint,
476 1153 523 1226 ut,
548 1167 629 1231 quos
653 1148 823 1231 paeniteat,
849 1148 933 1226 sinte
956 1148 1017 1216 boc
1041 1155 1200 1234 optamus,
1222 1153 1293 1233 boc,

138 1255 350 1338 quantumin
374 1254 467 1321 nobis
491 1257 550 1333 est,
575 1255 671 1319 etiam
695 1254 828 1338 inpensa
852 1275 946 1337 opera
967 1255 1135 1323 instamus.
1162 1258 1295 1328 tertium

107 1379 217 1453 quero
241 1362 270 1426 ai
289 1361 437 1428 dominus
460 1360 602 1427 noluen't-
623 1364 788 1445 tarnqnam
811 1364 906 1445 putre
929 1362 1121 1447 noxiumque
1144 1381 1295 1443 resecare,

82 1490 120 1529 ιο
139 1466 236 1534 ualde
263 1467 511 1533 misericorditer
537 1467 671 1551 puniet)
701 1467 781 1533 haec
801 1468 901 1533 uerba
923 1486 995 1533 mea
1017 1467 1047 1533 ai
1067 1469 1294 1546 recensuisses,

138 1591 215 1639 cnm
242 1573 323 1646 mihi
349 1573 520 1639 rescribere
544 1572 730 1659 dignareris,
759 1593 821 1639 non
850 1575 956 1640 solum
983 1573 1023 1640 de
1050 1577 1152 1654 morte
1181 1574 1238 1641 sed
1261 1578 1296 1640 et

139 1679 181 1745 de
213 1679 338 1746 damnis
370 1679 587 1763 corporalibus
620 1678 780 1745 euitandis
814 1699 935 1758 eornm,
973 1697 1029 1764 pro
1063 1680 1179 1763 quibus
1211 1681 1294 1766 agis.

138 1804 199 1852 nos
231 1785 424 1852 inuidiosius
458 1805 554 1871 quam
587 1785 762 1852 officiosius
796 1785 955 1870 rogandos
986 1790 1127 1870 putares,
1160 1804 1295 1870 qnorum

139 1890 211 1968 dixi
232 1892 318 1958 nelle
345 1909 402 1957 nos
435 1891 467 1957 in
497 1891 543 1957 eis
576 1892 703 1957 saluum
732 1911 815 1971 esse,
850 1891 935 1975 quod
962 1892 1139 1957 incolumes
1167 1910 1296 1974 corpore

92 1999 271 2076 reuiunnt,
293 2017 367 2064 ,nec
398 2002 581 2083 egestosam
613 1999 725 2077 uitam,
761 2002 801 2064 ut
831 1999 921 2064 uictu
953 1998 1119 2082 indigeant
1150 1999 1189 2063 ab
1222 1998 1294 2063 aliis

140 2103 317 2198 impartito,
349 2124 406 2188 per
437 2124 495 2171 nos
529 2105 576 2170 eis
609 2105 722 2188 utique
754 2105 951 2171 formidares.
984 2122 1119 2188 erronum
1151 2106 1185 2170 et
1213 2103 1295 2171 illud

142 2210 320 2276 secundum
344 2210 407 2276 diri
434 2210 518 2277 uelle
542 2229 601 2277 nos
630 2212 768 2287 saluum,
797 2210 882 2294 qnod
906 2210 1034 2289 habent,
1061 2209 1145 2275 unde
1168 2210 1294 2276 uiuunt

141 2316 274 2382 tertium
306 2313 394 2394 uero,
426 2318 511 2401 qnod
543 2317 672 2396 babent,
709 2316 792 2382 unde
824 2318 908 2382 male
940 2318 1066 2394 uiuunt,
1099 2315 1132 2380 id
1165 2319 1228 2393 est,
1258 2319 1297 2381 ut

142 2422 224 2489 nibil
260 2423 349 2489 aliud
386 2423 499 2504 dicam,
541 2426 627 2490 certe
664 2423 747 2488 unde
787 2423 942 2493 falsorum
979 2422 1110 2488 deorum
1147 2423 1296 2508 argentea

90 2556 123 2600 su
142 2527 338 2596 fabricanere
361 2529 541 2606 simulacra,
565 2549 621 2613 pro
646 2528 763 2613 quibus
785 2530 840 2596 uel
863 2527 1028 2594 semendis
1051 2529 1106 2595 uel
1128 2523 1304 2594 adorandis

141 2635 197 2700 uel
234 2636 389 2721 sacnlego
424 2636 490 2703 ritu
527 2635 631 2702 adhue
668 2635 809 2701 colendis
847 2653 951 2720 usque
987 2633 1028 2700 ad
1060 2634 1213 2700 ecelesiae
1245 2630 1323 2712 dei,

141 2741 329 2824 prosiliatur
348 2742 530 2809 incendium
550 2745 583 2808 et
600 2741 917 2826 religiosissimorum
941 2759 1116 2824 pauperum
1140 2742 1297 2806 sustenta·

142 2847 219 2912 cula
238 2846 360 2915 infelici
383 2848 483 2934 uulgo
507 2848 685 2931 diripienda
711 2847 921 2932 praebeantur
944 2847 1146 2932 sanguisque
1166 2844 1299 2930 funden·

142 2952 216 3033 dns,
242 2957 290 3034 tu,
315 2954 370 3047 qui
391 2958 467 3021 tuae
490 2955 632 3023 consulis
656 2954 793 3033 ciuitati,
822 2972 919 3038 qnare
942 2952 1061 3018 metuis
1084 2950 1230 3030 resecari,
1257 2965 1297 3018 ue

92 3078 123 3120 ss
142 3059 232 3126 omni
270 3061 366 3128 modo
406 3062 598 3147 impunitate
640 3061 818 3144 perniciosa
858 3059 1019 3128 nutriatur
1059 3061 1092 3124 et
1131 3057 1307 3125 roboretur·

141 3164 298 3233 audacis?
325 3169 387 3234 hoc
414 3165 506 3235 nobis
531 3167 682 3246 edissere,
711 3167 772 3232 boe
800 3166 879 3238 doce
903 3166 1134 3255 circumspecta
1156 3163 1298 3247 disputa·

141 3272 230 3338 tione
253 3274 331 3357 quid
347 3276 425 3342 mali
452 3276 509 3353 sit;
538 3275 708 3360 diligenter
731 3273 879 3351 adtende,
908 3266 994 3356 quod
1017 3270 1166 3350 dicimus,
1191 3289 1231 3336 ne
1253 3269 1299 3368 id,

142 3379 229 3461 quod
265 3381 360 3447 uobis
399 3380 548 3461 dicimus,
585 3381 677 3445 uelut
714 3380 823 3462 specie
862 3378 991 3462 petendi
1029 3370 1166 3459 quodum
1203 3375 1299 3445 modo

141 3487 495 3571 accusationsobliqua
520 3487 644 3552 obicere
667 3485 815 3550 uidesne.

234 3662 322 3717 1-10
341 3687 374 3709 =
393 3681 419 3733 p.
438 3664 500 3726 sss,
519 3664 610 3717 e-rs

178 3770 196 3825 5
222 3769 352 3825 incolumi
376 3775 459 3838 (porc.
478 3770 489 3824 i
511 3772 542 3824 in
565 3775 635 3834 ros.)
650 3767 685 3822 -U
706 3765 839 3826 incolumi
862 3782 902 3830 mr
921 3765 956 3832 ef.
974 3779 1004 3817 u.
1024 3765 1060 3817 14
1077 3758 1103 3817 et
1117 3779 1149 3832 p.
1170 3765 1238 3824 434,
1258 3763 1296 3814 10

142 3859 160 3912 9
178 3857 314 3927 dominus]
330 3862 495 3927 p.434.13
513 3858 580 3913 deus
635 3857 767 3926 resecare]
782 3872 813 3923 p.
836 3857 954 3915 434,14
973 3852 1089 3906 resecari
1127 3852 1160 3905 12
1175 3849 1294 3918 damnis]

141 3947 287 4001 tormentis
303 3931 410 4002 s'n'ros.
433 3946 460 4001 U
475 3948 619 4001 tormentis
639 3963 679 4012 or,·
697 3945 733 4013 cs.
747 3961 779 4013 p.
801 3946 867 4001 581,
887 3945 995 3996 12-13
1080 3956 1129 4008 pro
1148 3938 1246 4007 quibus
1265 3938 1298 3991 in

142 4052 198 4090 ros,
219 4034 247 4089 U
263 4035 361 4106 quibus
382 4035 407 4088 V
424 4035 484 4089 edd.
500 4041 614 4104 praeter
627 4051 653 4087 ιιι
709 4034 769 4102 agis
786 4033 820 4085 is
835 4041 895 4086 'raa
915 4029 942 4084 U
958 4030 998 4084 ais
1016 4029 1041 4082 V
1056 4026 1116 4081 edd.
1133 4032 1245 4096 praeter
1257 4041 1300 4092 err,-

141 4126 225 4194 etn-
247 4128 371 4186 59a13
443 4125 475 4179 21
497 4125 563 4193 ritu]
585 4123 660 4177 cultu
684 4121 710 4175 U
716 4135 719 4141 ’
778 4123 813 4175 23
834 4117 986 4190 diripienda
1005 4133 1057 4174 om.
1083 4114 1137 4169 VU
1153 4117 1195 4182 (ιίι
1213 4130 1292 4184 marg

141 4218 207 4269 Μ
226 4214 305 4280 add.)
327 4214 361 4267 ir·
432 4213 564 4268 tundatur
582 4229 610 4266 m
664 4211 700 4264 28
718 4208 798 4264 nobis
822 4208 849 4263 U
