3309 4867
570 359 837 437 epistularum
864 363 959 420 XCIV.
1279 369 1345 432 503

192 564 450 629 saeculorum
472 545 702 627 laudabunt
725 565 773 628 te.
797 565 876 645 puto
896 564 1004 627 autem
1023 561 1103 626 banc
1126 559 1343 626 laudationem

191 670 327 736 uocibus
345 668 577 736 concinentium
596 687 667 733 esse
685 668 899 752 promendam,
915 668 977 734 etsi
994 668 1240 753 inmutabuntur
1257 667 1361 733 sanc?

192 782 298 842 torum
324 775 559 860 resurgentium
586 794 728 858 corpora,
756 778 794 840 ut
821 775 887 840 siut
916 774 1003 841 sicut
1031 778 1063 840 at
1087 773 1208 840 domini
1230 782 1346 857 corpus

88 900 91 905 ·
192 888 267 968 post
301 882 565 977 resurrectionem
598 883 755 965 appamit,
791 880 823 946 in
858 900 921 964 qua
957 880 1069 965 utique
1106 879 1346 946 resurrectionis

161 972 350 1055 anemonae
373 989 451 1053 uiua
477 989 583 1072 imago
607 987 787 1071 praefulsit,
811 992 850 1052 ut
872 986 1020 1052 dominus
1042 985 1123 1070 ipse,
1145 986 1200 1071 qui
1223 986 1255 1051 iu
1280 1002 1346 1051 cor·

193 1114 268 1179 pore
292 1095 372 1177 ipso,
402 1113 464 1179 quo
489 1112 601 1177 passus
625 1094 739 1171 fuerat,
763 1098 796 1160 at
816 1096 1040 1171 resurrexerat,
1064 1091 1157 1176 quasi
1179 1093 1346 1178 speculum

191 1199 473 1284 contemplationis
505 1200 651 1266 omnibus
684 1200 791 1268 fuerit.
830 1200 884 1282 qui
916 1199 1029 1282 utique
1052 1210 1136 1265 'cum
1170 1199 1204 1265 in
1237 1198 1347 1265 eadem

193 1326 297 1384 carne,
334 1325 398 1390 qua
437 1309 583 1372 mortuus
625 1311 658 1372 et
699 1306 846 1390 sepultus
887 1305 1002 1383 fuerat,
1040 1309 1073 1371 et
1112 1305 1366 1389 resurrexisset,-

111 1454 117 1465 «
194 1414 336 1481 omnium
361 1412 467 1478 omnia
489 1412 595 1478 officia
617 1413 832 1480 membrorum
856 1430 1003 1496 expressa
1031 1411 1142 1478 oculis
1161 1417 1194 1478 ot
1217 1410 1346 1478 auribus

146 1543 174 1581 ιο
193 1519 359 1587 bominum
396 1537 491 1602 saepe
509 1588 512 1595 ,
530 1517 675 1584 conlatus
714 1512 867 1583 exhibuit.
909 1517 995 1599 quod
1032 1517 1061 1583 si
1097 1517 1195 1583 etiam
1228 1517 1345 1603 angeli,
1406 1604 1409 1615 ι

192 1646 328 1710 quorum
370 1625 561 1708 simpliciter
596 1625 751 1707 spiritalis
789 1627 839 1689 est
876 1626 1029 1702 creatura,
1066 1621 1193 1710 linguas
1229 1623 1347 1691 habere
1368 1618 1385 1642 ”

193 1733 351 1813 dicuntur,
387 1732 505 1815 quibus
541 1732 654 1815 utique
690 1731 802 1797 laudes
836 1730 963 1797 domino
1001 1730 1136 1798 creatori
1169 1733 1282 1796 canent
1314 1734 1348 1796 et

193 1839 312 1924 gratias
347 1838 464 1905 referre
500 1858 560 1904 uon
593 1839 750 1916 desinant,
790 1842 908 1921 quanto
944 1837 1050 1922 magis
1086 1837 1253 1903 bominum
1285 1839 1348 1903 etsi

193 1945 350 2029 spiritalia
375 1945 440 2009 ianr
468 1951 543 2028 post
563 1945 826 2011 resurrectionem
854 1962 985 2027 corpora
1012 1944 1213 2011 manentibus
1240 1947 1356 2009 tamen.

146 2072 174 2114 rs
194 2052 388 2137 glorificatae
421 2052 523 2116 carnis
557 2052 704 2116 omnibus
736 2049 887 2115 membris
921 2054 960 2115 et
984 2069 1041 2133 per
1068 2050 1174 2116 omnia
1204 2049 1348 2115 membra

194 2158 304 2225 formis
332 2161 365 2224 et
391 2159 532 2223 numeris
565 2158 633 2223 suis
662 2162 695 2223 et
725 2156 852 2242 linguas
885 2157 1048 2249 habebunt
1077 2156 1110 2223 in
1138 2157 1246 2224 oribus
1278 2156 1347 2222 suis

196 2270 228 2330 et
263 2265 384 2349 linguis
421 2264 591 2329 effantibus
625 2263 745 2330 dabunt
775 2283 884 2342 uoces,
923 2263 1039 2347 quibus
1073 2261 1347 2329 diuinas'laudes
1364 2337 1374 2343 ⁴.

144 2415 148 2422 -
195 2372 249 2435 uel
281 2389 431 2436 sensuum
467 2390 595 2436 snorum
630 2370 882 2453 gaudiorumque
915 2369 1048 2437 allectus
1080 2388 1137 2453 per
1169 2368 1267 2435 uerba
1295 2368 1347 2435 de·
1438 2365 1444 2379 '

196 2480 343 2560 promant
364 2476 446 2540 forte
467 2476 563 2542 etiam
587 2479 647 2543 hoc
672 2477 793 2561 gratiae
818 2476 1000 2561 gloriaeque
1020 2475 1203 2560 adpositum
1227 2477 1346 2541 sanctis

148 2608 176 2646 ιο
195 2580 264 2646 suis
289 2581 415 2647 domiuo
439 2583 470 2647 in
495 2583 638 2648 saeculis·
655 2573 744 2668 regni
768 2582 828 2661 sni,
853 2587 890 2647 ut
911 2586 1000 2647 tento
1024 2581 1202 2665 potioribus
1226 2581 1346 2666 linguis

196 2692 230 2754 et
261 2688 395 2755 uocibus
424 2694 547 2767 currant,
581 2694 699 2772 quanto
728 2688 768 2753 ad
800 2688 974 2754 beatiorem
1007 2694 1152 2754 naturam
1179 2706 1346 2773 corporum

82 2850 84 2859 .
147 2872 150 2876 ι
195 2795 290 2859 beata
310 2795 520 2878 inmutatione
539 2796 739 2878 profecerint,
758 2799 796 2860 ut
813 2795 845 2860 in
866 2794 1050 2879 corporibus
1064 2794 1127 2860 iam
1148 2793 1346 2879 spiritulibus

197 2900 363 2966 constituti
391 2901 455 2966 iam
484 2903 614 2966 forsitan
637 2921 699 2967 non
729 2901 877 2967 humanis
901 2901 957 2966 sed
985 2902 1051 2967 illis
1074 2901 1227 2987 angelicis
1251 2904 1346 2985 atque
1380 2884 1383 2890 ’

196 3006 398 3085 caelestibus,
429 3009 539 3089 quoles
562 3010 728 3092 apostolus
751 3009 783 3073 iu
810 3006 959 3089 paradiso
983 3008 1118 3089 audiuit,
1146 3004 1345 3077 sermonibus

148 3139 176 3179 es
195 3113 397 3198 eloquantur!
428 3118 460 3179 et
492 3114 562 3181 ideo
595 3115 728 3180 forsitan
761 3113 880 3180 bomini
907 3113 1083 3180 ineffabiles
1107 3133 1161 3180 eos
1185 3132 1346 3180 sermones

195 3220 295 3285 misse
313 3224 450 3285 testatus
470 3225 529 3297 est,
554 3221 629 3305 quia
652 3224 770 3287 sanctis
788 3220 872 3285 inter
890 3220 970 3295 alias
993 3220 1203 3304 praemiorum
1223 3220 1345 3305 species

286 3464 320 3518 24
339 3463 367 3517 11
386 3463 445 3519 Cor.
468 3464 509 3525 12,
527 3467 545 3519 4

231 3638 471 3708 fpromerendam
491 3639 521 3693 E
580 3640 643 3694 fin
664 3656 718 3709 quo
738 3638 901 3696 PlVUlar
964 3641 1027 3709 §iu
1047 3657 1097 3697 orrr.
1117 3641 1148 3696 Ε
1210 3640 1344 3695 Setom.

200 3725 255 3782 Vb*
271 3726 332 3781 edd.
401 3728 417 3781 9
436 3729 529 3781 omnia
545 3744 596 3782 om.
616 3729 715 3805 P¹VU
723 3729 781 3783 lar
846 3729 879 3783 10
898 3729 1019 3783 conlatas
1038 3728 1074 3783 1³¹
1095 3730 1196 3785 collata
1218 3727 1273 3783 Vb
1290 3729 1346 3783 lor

135 3830 138 3837 ’
197 3816 230 3869 12
250 3819 362 3868 cautant
379 3814 479 3870 P¹VU
493 3815 553 3870 edd.
613 3818 644 3871 13
664 3817 757 3871 referri
775 3817 833 3872 PE
903 3817 1033 3872 desinunt
1056 3816 1111 3874 VU
1128 3817 1188 3875 edd.
1262 3815 1344 3887 etsi]

196 3909 222 3955 et
244 3902 298 3956 PE
352 3903 384 3958 14
403 3909 466 3973 post
484 3905 679 3960 resurrectione
698 3905 736 3959 P¹
793 3904 994 3977 lbliugulsE
1064 3907 1118 3961 oris
1143 3907 1198 3963 Vb
1251 3907 1283 3962 17
1304 3905 1344 3960 di·
1403 3917 1409 3929 ⁴

196 3992 273 4044 ninas
291 4006 341 4045 om.
362 3991 392 4044 Ε
442 3995 474 4045 lb
494 3992 653 4062 gaudiorum
674 4000 736 4060 (om.
757 4000 820 4063 que)
841 3993 896 4049 Pro
949 3993 1061 4049 effectus
1080 3994 1137 4050 PE
1185 3995 1218 4050 19
1237 3995 1344 4064 apposi-

195 4088 271 4133 turus
293 4076 359 4133 P¹E
410 4082 441 4134 21
464 4080 499 4134 ad
518 4082 679 4151 beatiorem]
701 4083 866 4137 abratiorenr
887 4081 910 4132 V
960 4083 994 4137 22
1013 4084 1166 4138 mutatione
1185 4082 1281 4139 P¹VU
1290 4084 1346 4137 lar

233 4170 386 4236 proluerint
405 4167 462 4221 PE
520 4170 554 4222 24
573 4170 681 4223 audiuit
698 4170 727 4224 iu
747 4170 872 4239 paradiso
891 4169 990 4224 P¹VU
1005 4170 1065 4225 edd.
1130 4171 1165 4225 25
1185 4172 1345 4241 eloquantur

195 4262 222 4325 ln
243 4271 263 4309 s.
286 4258 322 4315 ml
341 4255 368 4309 P
428 4255 499 4323 ideo,
518 4272 587 4310 corr.
608 4257 670 4310 inde
695 4256 799 4310 Vinde
824 4257 851 4309 U
868 4257 924 4311 lsr
988 4260 1091 4314 bomini
1111 4276 1162 4313 om.
1181 4258 1279 4313 P¹VU
1289 4259 1345 4313 lar
