3309 4867
522 463 789 535 epistularum
818 462 928 520 CXVII.
956 461 1078 518 CXVIII.
1306 463 1370 528 665

728 659 871 727 CXVIII.

130 780 174 845 Il
268 784 315 848 'l'u
343 804 395 850 me
421 782 699 849 innumerabilium
724 785 946 866 quaestionum
975 782 1068 848 turba
1089 784 1216 864 repente
1240 779 1373 844 circum·

223 891 407 957 uassaudum
434 891 489 957 uel
515 891 624 972 potius
648 889 846 956 obruendum
869 888 1002 975 putasti,
1031 887 1126 953 stiam
1152 887 1179 951 si
1207 889 1372 950 necantem

224 997 427 1080 otiosumque
456 996 630 1063 credidisti.
660 997 785 1080 quaudo
813 995 897 1062 enim
922 1014 981 1080 ego
1009 994 1040 1059 iu
1065 992 1211 1076 quolibet
1233 991 1297 1057 otio
1326 994 1375 1055 tot
1430 1037 1443 1066 .

191 1121 326 1166 ererum
354 1101 456 1167 nodos
479 1104 545 1166 tam
572 1101 737 1166 festinanti
760 1103 803 1178 ct,
831 1103 870 1166 ut
890 1100 1015 1175 scribis,
1043 1099 1107 1164 iam
1130 1115 1232 1182 paene·
1249 1095 1373 1179 profici·

223 1210 325 1275 sconti
355 1227 484 1290 possem
517 1209 713 1273 dissoluerat
745 1226 877 1272 numero
910 1206 994 1271 caira
1025 1224 1131 1270 rerum
1153 1205 1294 1287 ipsarum
1316 1202 1374 1268 im-

222 1315 355 1399 pedirer,
380 1313 475 1378 etiam
499 1313 619 1379 sinodi
641 1314 753 1378 faciles
772 1314 813 1378 ad
836 1309 1025 1408 soluendum
1048 1311 1164 1386 foreat3
1188 1311 1276 1374 tante
1296 1311 1374 1373 sunt

223 1423 331 1485 autmn
357 1413 563 1501 perplexitate
591 1418 730 1484 inuoluti
752 1420 786 1483 et
809 1419 981 1485 tenacitate
1004 1416 1178 1495 constricti,
1206 1420 1252 1491 ut,
1276 1414 1373 1479 etiam

224 1525 252 1589 ai
282 1527 381 1611 'pauci
413 1531 529 1601 esseut,
563 1525 794 1591 otiosissimum
826 1543 878 1590 me
911 1526 1102 1607 occupantes
1139 1540 1253 1606 inagna
1284 1539 1374 1586 mora

170 1632 375 1714 intemperie
400 1631 570 1716 fatigarent
591 1632 799 1698 inteutIonem
818 1635 914 1713 atque
933 1631 1251 1712 attereronrunguae
1273 1645 1374 1692 moos.

223 1756 282 1822 ego
310 1740 343 1803 te
368 1741 478 1814 autem
506 1737 623 1804 uellem
651 1738 793 1819 abripere
821 1735 994 1805 demedio
1022 1734 1244 1800 deliciosarum
1270 1734 1375 1815 inqui·

223 1843 376 1940 sitionum
399 1848 526 1909 tuarum
545 1848 578 1909 et
596 1844 774 1927 constipare
796 1844 879 1909 inter
901 1859 993 1908 cursa
1016 1860 1117 1920 meas,
1140 1845 1183 1905 nt·
1198 1839 1252 1906 uel
1273 1838 1374 1904 disce

222 1969 273 2014 res
292 1969 354 2016 noa
372 1968 444 2032 esse
466 1951 602 2018 inauIter
619 1950 765 2016 curiosus
788 1949 842 2014 uel
860 1949 1078 2018 annositatem
1100 1960 1189 2013 tuam
1207 1945 1374 2011 cibandam

223 2059 318 2138 atque
354 2056 553 2122 nutriendam
590 2057 740 2139 inponere
776 2074 838 2121 noa
871 2060 1003 2122 auderes
1035 2053 1093 2131 eis,
1126 2070 1258 2136 quorum
1291 2053 1374 2116 inter

179 2186 205 2227 rs
224 2176 314 2226 curae
347 2163 400 2226 uel
428 2163 564 2228 maxima
590 2181 667 2227 cura
694 2167 744 2228 est
774 2162 945 2246 reprimere
972 2178 1009 2226 ac
1030 2159 1191 2229 *refrenare
1219 2156 1364 2224 curiosos

223 2273 340 2350 quanto
360 2269 443 2333 enim
467 2270 582 2334 melius
602 2272 783 2351 quantoque
805 2269 1014 2344 fructuariae,
1037 2267 1066 2332 si
1088 2266 1120 2330 ia
1145 2264 1259 2330 dandis
1279 2263 1319 2327 ad
1341 2267 1374 2328 te

222 2361 299 2439 ullis
330 2375 448 2440 litteris
475 2379 602 2459 tempus
635 2379 731 2458 atque
759 2392 854 2458 opera
884 2372 1077 2457 inpenditur,
1108 2371 1148 2436 ad
1179 2371 1239 2436 hoo
1265 2369 1374 2454 potius

222 2479 413 2563 inpenditur,
438 2485 476 2547 ut
493 2487 676 2548 resecentur
693 2500 793 2547 uanae
812 2485 907 2569 atque
929 2479 1060 2545 fallaces
1079 2477 1270 2563 cupiditates
1287 2480 1373 2551 tuae,

222 2606 304 2669 quas
335 2591 424 2652 tauto
457 2588 559 2673 magis
592 2587 751 2654 cauendae
783 2590 873 2667 sunt,
901 2589 1020 2670 quanto
1052 2584 1179 2650 facilius
1211 2583 1375 2666 decipiunt

178 2720 205 2761 ro
222 2693 329 2758 nescio
353 2712 416 2776 qua
444 2695 555 2759 umbra
576 2694 754 2760 honestatis
777 2698 811 2758 et
832 2691 1013 2758 liberalium
1040 2690 1219 2756 studiorum
1247 2690 1373 2754 nomiae

223 2800 348 2863 aelatae
375 2802 471 2883 atque
498 2801 658 2882 palliatae,
688 2818 783 2882 quam
806 2804 846 2865 ut
869 2803 980 2864 nosco
1004 2797 1179 2863 ministerio
1203 2800 1309 2890 atque,
1337 2799 1375 2859 ut

222 2896 268 2969 ita
295 2904 437 2991 dixerim
470 2906 622 2971 satellitio
655 2907 686 2970 in
716 2904 924 2971 dominatum.
953 2898 1109 2987 quotam
1142 2903 1256 2969 bonam
1284 2907 1373 2968 tuam

222 3019 361 3080 mantem
384 3017 539 3094 premant,
562 3013 786 3082 uehementius
810 3012 999 3078 excitentur!

313 3181 521 3246 Memoriam,
541 3185 638 3254 quiin
657 3200 697 3252 ep.
720 3185 772 3239 CX
778 3185 844 3238 VH.

259 3290 361 3360 Incipit
378 3285 497 3361 epistula
514 3293 601 3345 sancti
621 3292 742 3360 agustini
762 3291 796 3345 sd
815 3289 968 3344 dioscorum
986 3291 1024 3345 M
1044 3291 1161 3362 epistula
1183 3291 1270 3345 sancti
1290 3301 1374 3358 augu-

225 3379 290 3433 sttui
309 3379 344 3434 ad
363 3378 514 3433 dioscorum
534 3383 559 3432 A
583 3380 680 3449 incipit
703 3379 822 3448 epistula
840 3380 928 3432 sancti
947 3379 1087 3449 augustini
1106 3378 1141 3434 ad
1159 3378 1280 3432 dioscoro
1299 3381 1376 3442 (Μ

225 3467 388 3532 dioscorum)
402 3467 432 3521 P
446 3469 606 3536 rescriptum
625 3468 765 3537 augustini
779 3468 813 3520 ad
829 3468 979 3522 dioscorum
994 3467 1021 3523 R
1036 3467 1195 3538 augustiuus
1210 3466 1244 3521 ad
1259 3466 1373 3520 eandam

223 3554 304 3622 P¹V,·
320 3557 467 3624 inscriptio
486 3551 829 3610 democraticum.
885 3555 1116 3611 Sabatrasadum
1135 3545 1203 3610 ΡΨ
1247 3553 1373 3610 arcodi-

224 3642 291 3706 disti
308 3643 337 3698 R
391 3661 443 3724 ogo
462 3645 513 3699 dcl.
531 3649 593 3699 sal
609 3643 647 3699 M
656 3657 658 3660 ’
699 3645 727 3698 ia
747 3644 937 3714 quolibet—ot
955 3649 987 3699 ut
1004 3660 1056 3699 ora.
1071 3643 1133 3698 MA
1187 3642 1333 3698 iscribam
1348 3643 1374 3695 A

224 3732 360 3800 dotasirn
379 3735 406 3789 A
496 3734 605 3804 iaedi]
623 3732 749 3803 uodltats
769 3734 803 3785 Μ
821 3732 947 3787 nuditate
966 3735 993 3788 A
1063 3720 1374 3803 suellos-perplexitate

224 3837 276 3875 om.
295 3819 357 3874 MA
407 3821 710 3891 iltemporismoraR
766 3823 799 3875 10
817 3822 970 3876 intentione
991 3824 1039 3888 (κ
1058 3821 1220 3878 m.atua'd.
1240 3819 1375 3878 aiPin-

224 3910 348 3966 teatiorm
367 3909 458 3965 ΜΔΕ
565 3914 729 3964 atterrereut
752 3909 778 3962 V
883 3927 978 3978 unges,
1002 3926 1070 3964 corr.
1091 3908 1198 3976 (m.1‹?)
1217 3925 1321 3977 ungues
1341 3907 1375 3960 Μ

228 3998 258 4052 ll
279 4001 370 4053 autem
390 4002 417 4052 te
437 3999 535 4053 uellam
549 3999 607 4053 RV
624 4004 715 4052 autern
736 4000 833 4072 uellem
853 4003 914 4065 (om.
934 4001 973 4067 te)
988 3999 1023 4052 P¹
1043 4002 1135 4052 autem
1153 3999 1251 4051 uellem
1271 4001 1301 4052 ts
1314 3997 1374 4052 cdd.

225 4087 260 4139 12
279 4087 435 4155 constipare
452 4087 472 4152 (i
492 4104 525 4140 cc·
543 4093 610 4150 raa.)
632 4087 666 4138 M
776 4089 807 4140 14
832 4088 857 4140 ei
877 4087 1061 4151 (m.1?oorr.
1082 4087 1131 4152 eis)
1150 4102 1277 4154 :quoram
1295 4084 1333 4138 M
1350 4086 1375 4139 ei

226 4190 355 4245 equorum
374 4177 400 4228 A
494 4179 525 4228 15
545 4193 577 4229 ac
595 4177 626 4229 ia
640 4176 701 4244 fiac
718 4193 745 4231 u.
765 4159 817 4231 oar.
836 4176 864 4229 A
882 4181 930 4230 aut
948 4174 985 4228 M
1055 4192 1082 4228 re
1102 4175 1235 4229 refrenare
1255 4174 1375 4227 comosus

225 4266 305 4334 (corr.
325 4265 455 4320 curiososl
475 4264 511 4317 M
566 4266 598 4317 16
618 4264 776 4318 fluctuesius
792 4263 822 4318 R
883 4268 919 4324 at,
939 4268 1004 4317 orat
1022 4263 1056 4316 ad
1076 4264 1103 4317 P
1155 4264 1190 4317 20
1208 4262 1378 4326 honestatos,

226 4368 293 4405 corr.
314 4351 467 4406 honestatis
486 4352 522 4405 M
592 4354 708 4412 nomina.
728 4368 796 4407 corr.
816 4354 941 4406 nominas
960 4352 1000 4405 M·
