3309 4867
226 530 289 594 168
580 523 608 580 S.
637 523 774 578 Aureli
802 524 1020 595 Augustini

126 722 214 786 vlle
271 721 334 787 Sed
366 719 535 788 nonnullos
567 719 741 803 probabilis
778 720 932 803 quaedam
970 722 1050 786 ratio
1087 720 1273 788 delectauit:
1310 742 1372 789 uno

226 833 312 896 certo
341 827 391 892 die
417 846 475 910 per
501 845 628 904 annum,
653 845 716 909 quo
740 825 843 910 ipsam
867 846 977 892 cenam
999 828 1149 897 dominus
1172 828 1271 908 dedit,
1294 833 1374 896 tam·

226 952 322 1016 quam
352 933 392 998 ad
418 932 624 1016 insigniorem
648 935 981 999 commemorationem
1005 938 1079 1018 post
1102 935 1190 1001 cibos
1215 935 1318 1001 offerri
1341 940 1374 1001 et

138 1050 144 1062 ¹
226 1039 328 1124 accipi
348 1039 446 1105 liceat
478 1057 592 1126 corpus
625 1041 658 1103 et
689 1040 876 1125 sanguinem
910 1039 1039 1106 domini.
1070 1041 1237 1108 honestius
1266 1045 1373 1107 autem

225 1145 360 1211 arbitror
386 1165 424 1210 ea
450 1143 528 1210 hora
553 1143 632 1220 lieri,
661 1148 708 1221 ut,
738 1148 794 1229 qui
821 1147 917 1212 etiam
945 1146 1144 1225 ieiunanerit,
1173 1149 1249 1231 post
1277 1149 1375 1213 refec-
1403 1172 1416 1211 s
1480 1208 1486 1214 .

225 1253 355 1329 tionem,
385 1270 465 1335 quae
492 1251 571 1317 hora
596 1271 679 1316 nona
708 1250 754 1329 fit,
783 1252 821 1316 ad
851 1252 1043 1320 oblationem
1070 1252 1174 1337 possit
1201 1272 1374 1319 occurrere.

226 1360 420 1441 quapropter
449 1356 607 1421 neminem
638 1358 785 1441 cogimus
818 1363 890 1423 ante
921 1358 1113 1424 dominicam
1144 1359 1233 1423 illam
1265 1377 1374 1424 cenam

225 1463 388 1548 prandere,
422 1461 479 1528 sed
507 1461 587 1526 nulli
615 1463 712 1527 etiam
741 1462 955 1529 contradicere
984 1463 1148 1529 audemus.
1181 1463 1242 1529 hoc
1268 1463 1374 1529 tamen

225 1590 287 1635 non
316 1568 451 1635 arbitror
477 1569 673 1642 institutum,
702 1568 763 1633 nisi
792 1570 868 1653 quia
894 1570 1001 1653 plures
1031 1574 1064 1634 et
1090 1588 1187 1654 prope
1211 1588 1320 1635 omnes
1341 1568 1374 1634 iu

157 1729 161 1734 .
225 1674 386 1760 plerisque
413 1674 494 1739 locis
522 1693 558 1740 eo
587 1674 638 1740 die
665 1675 774 1740 lauare
801 1679 1046 1754 commumoni,
1070 1679 1111 1752 et,
1134 1675 1210 1759 quia
1232 1674 1376 1741 nonnulli
1396 1692 1422 1731 ro

227 1780 324 1846 etiam
350 1780 506 1846 ieiunium
533 1780 729 1859 custodiunt,
753 1800 846 1848 mane
873 1782 1005 1847 offertur
1025 1786 1154 1867 propter
1173 1781 1375 1866 prandentes,

227 1887 303 1969 quia
324 1885 443 1954 ieiunia
466 1885 564 1950 simul
587 1888 620 1950 et
641 1885 769 1950 lauaem
792 1886 926 1952 tolerare
951 1906 1013 1952 non
1036 1889 1182 1970 possunt,
1206 1885 1246 1950 ad
1265 1902 1377 1968 nospe-

226 2010 294 2055 ram
318 2008 394 2055 nero
417 1992 546 2072 propter
567 1988 758 2058 ieiunantes.

175 2097 216 2160 10
273 2095 308 2161 Si
335 2099 443 2160 antem
470 2094 606 2177 quaeris,
636 2115 692 2160 cur
719 2096 814 2162 etiarn
843 2096 971 2162 lauandi
1001 2116 1070 2161 mos
1098 2101 1187 2163 ortus
1216 2097 1269 2173 sit,
1297 2096 1378 2161 nihil

226 2202 307 2267 mihi
330 2202 369 2267 de
392 2202 451 2267 lrac
473 2221 507 2266 re
531 2203 683 2287 cogitanti
707 2202 903 2286 probabilius
927 2204 1074 2282 occurrit,
1093 2204 1155 2270 nisi
1179 2204 1254 2286 quia
1275 2202 1377 2285 bapti·
1396 2221 1423 2263 re

179 2393 181 2398 Ι
228 2308 399 2374 candorum
423 2326 554 2392 corpora
575 2327 630 2391 per
654 2308 908 2374 obseruationem
934 2308 1193 2393 quadragesimae
1218 2308 1379 2374 sordidata

229 2433 302 2479 oum
336 2415 508 2480 offensione
541 2433 654 2491 sensus
687 2415 727 2480 ad
759 2416 878 2480 iontem
911 2414 1066 2481 uenirent.
1098 2414 1160 2482 nisi
1192 2417 1300 2497 aliqua
1327 2413 1378 2478 ilio

227 2520 421 2585 lauarentur.
453 2520 552 2586 istum
586 2515 692 2586 autem
726 2522 810 2587 diem
842 2521 951 2604 potius
981 2521 1020 2585 ad
1048 2522 1108 2587 hoo
1137 2521 1286 2597 electum,
1315 2538 1378 2603 quo

228 2644 307 2691 cena
336 2625 494 2691 dominica
518 2626 729 2692 anniuersario
753 2627 940 2694 celebratur.
966 2635 998 2691 et
1022 2628 1096 2708 quia
1119 2645 1306 2693 concessum
1330 2627 1380 2691 cst

228 2733 289 2814 hoc
320 2733 519 2823 baptismum
551 2734 740 2817 accepturis,
773 2734 866 2799 multi
893 2753 967 2799 cum
996 2733 1047 2798 his
1073 2733 1180 2798 lauare
1207 2732 1379 2798 uoluerunt
1396 2749 1424 2791 ro

227 2838 445 2923 ieiuninmque
467 2840 580 2904 laxare.

273 2944 344 3020 His,
369 2946 406 3008 ut
432 2944 539 3027 potui,
557 2944 730 3028 disputatis
759 2962 881 3022 moneo,
915 2948 951 3009 ut
984 2962 1030 3021 ea,
1063 2963 1143 3027 quae
1176 2944 1379 3028 praelocutus

115 3136 117 3141 .
230 3069 313 3124 sum,
346 3068 466 3125 seruos,
500 3051 652 3132 quantum
685 3054 789 3133 potes,
821 3053 859 3114 ut
891 3049 983 3115 decet
1010 3049 1163 3114 ecclesiae
1191 3049 1379 3132 prudentem

230 3173 266 3220 ao
290 3156 458 3241 pacificum
481 3154 595 3221 filium.
619 3155 682 3220 alia
705 3175 785 3238 qnae
807 3156 1023 3240 interrogasti,
1048 3155 1075 3219 si
1098 3154 1247 3220 dominus
1270 3155 1379 3220 noluo

228 3264 281 3338 rit,
305 3262 367 3327 alio
391 3265 533 3345 tempore
557 3260 730 3345 expediam.
1396 3277 1425 3319 rs

268 3454 364 3515 iuno,
383 3450 734 3506 m.2ntnn00ntnno
754 3451 813 3505 edd.
905 3452 1060 3506 2certeP
1157 3467 1211 3521 quo
1229 3450 1381 3506 inraso

230 3547 285 3610 qna
303 3539 331 3594 P
347 3556 407 3593 cnm
425 3539 463 3593 M
525 3555 624 3593 cenam
645 3539 731 3609 ipsam
752 3540 776 3594 0
847 3541 863 3595 3
882 3539 1056 3608 insignorem,
1074 3541 1140 3593 m.2
1157 3527 1335 3610 insigniorem
1353 3537 1382 3591 P

229 3629 359 3683 delineat
378 3629 398 3693 (i
416 3644 473 3682 rae.
494 3645 527 3682 ac
545 3628 571 3693 a)
592 3627 616 3681 0
634 3629 741 3697 placeat
760 3627 835 3683 P¹M
914 3629 930 3681 5
950 3627 1079 3682 arbitr-or
1098 3628 1165 3694 (scil
1182 3627 1204 3692 i)
1225 3625 1253 3680 P
1321 3626 1380 3679 deri

230 3715 297 3771 horn
318 3716 416 3770 0P¹M
475 3701 647 3779 ie'iunauerit
666 3721 733 3771 m.2
750 3718 870 3771 ieiunare
890 3716 1010 3770 uoluerit
1032 3715 1208 3769 Oieiunaret
1225 3714 1262 3769 M
1317 3719 1381 3785 post

229 3807 323 3875 spolio
341 3805 437 3859 relicto
456 3821 507 3859 cm.
527 3804 564 3858 M
580 3809 644 3858 ante
662 3802 698 3857 ΡΙ
756 3806 855 3858 iente
873 3819 925 3859 om.
944 3803 1110 3871 POMces
1178 3801 1316 3856 dominica
1332 3801 1381 3856 illa

231 3912 298 3950 cena
316 3894 344 3947 P
362 3894 431 3960 ces
488 3891 605 3947 simo
670 3893 703 3946 10
721 3892 823 3952 lauare,
843 3908 911 3947 corr.
932 3891 1044 3960 (ΜΒ)
1063 3892 1150 3945 lunari
1169 3891 1196 3944 P
1267 3907 1380 3945 conane·

230 3985 295 4035 runt
312 3982 340 4036 P
404 3982 434 4036 ll
456 3980 546 4035 offert
565 3984 610 4049 (=
626 3981 754 4046 offerunt)
773 3980 810 4033 P¹
872 3981 905 4034 12
925 3980 1000 4050 quia]
1020 3980 1079 4049 qni·
1094 3983 1123 4032 et
1143 3979 1166 4033 0
1184 3979 1250 4048 qnia
1269 3985 1297 4033 et
1309 3977 1382 4033 Pur

267 4071 349 4125 simul
366 4087 416 4125 mn.
437 4069 512 4124 P¹M
592 4070 625 4124 13
645 4074 868 4134 uerocm.,m.1
887 4068 952 4123 cdd.
972 4068 1008 4121 M
1090 4068 1122 4121 17
1140 4068 1267 4122 uenirent
1285 4083 1336 4121 cra.
1356 4067 1383 4121 P

230 4163 415 4214 tractarentur
432 4159 491 4213 edd.
584 4161 617 4213 18
638 4157 756 4228 quodO
848 4159 881 4212 19
899 4157 1099 4210 anniuersarine
1117 4156 1146 4210 P
1191 4151 1269 4242 ’,20
1287 4155 1326 4210 ais
1343 4154 1381 4209 P¹

231 4252 265 4305 21
286 4251 387 4307 lar-are
406 4251 435 4304 P
451 4248 569 4303 relaxare
589 4247 648 4301 edd.
705 4247 740 4300 22
759 4245 892 4317 potui-O
964 4244 1106 4315 disputans
1119 4244 1180 4298 PM
1234 4245 1269 4298 24
1289 4245 1331 4313 acl
1347 4243 1381 4298 ad

232 4341 260 4394 P
330 4339 424 4408 alinq„
443 4337 581 4392 madia
600 4335 711 4406 quaeP
782 4335 805 4389 ei
834 4337 898 4388 eru-i
916 4332 987 4386 uro
1042 4334 1076 4386 25
1094 4332 1169 4386 beati
1188 4333 1328 4402 augustini
1347 4331 1382 4386 ad

232 4429 384 4484 ianuarium
404 4427 520 4498 epistola
538 4426 625 4495 primu
642 4425 670 4477 P
687 4423 799 4494 explicit
817 4422 887 4476 liber
905 4423 1007 4492 primns
1025 4422 1063 4475 M
