3309 4867
314 352 378 416 618
673 350 699 404 S.
728 349 868 405 Aureli
895 342 1118 420 Augustini

312 546 497 629 gregatione
516 545 749 611 communionis
774 545 893 611 eiectos
916 545 1060 628 loquitur
1078 545 1255 629 Bagaiense
1278 543 1465 616 concilium:

311 651 489 730 ‘Veridica’‚
529 652 644 736 inquit,
681 651 776 716 ‘unda
817 651 849 715 in
887 667 1016 735 asperos
1054 652 1204 735 scopulos
1241 651 1466 716 nonnullorum

311 758 465 841 naufraga
482 757 631 841 proiecta
642 762 719 823 sunt
737 757 894 833 membra3
918 757 1149 841 Aegyptiorum
1172 746 1343 822 admodum
1362 774 1466 821 exem·

310 861 364 945 plo
397 865 596 947 pereuntium
628 864 792 930 funeribus
825 863 919 946 plena
947 867 1023 928 sunt
1050 864 1155 942 litora,
1188 863 1305 946 quibus
1332 862 1364 936 io
1394 862 1466 944 ipse

310 974 413 1034 morte
442 969 542 1036 maior
565 973 614 1036 est
640 989 752 1054 poena,
782 969 868 1052 quod
890 973 966 1052 post
989 972 1144 1035 extortam
1173 969 1265 1053 aquis
1292 969 1464 1035 ultricibus
1495 989 1509 1027 s

312 1073 450 1139 animam
474 1093 531 1140 nee
553 1076 656 1158 ipsam
680 1075 849 1141 inueniunt
872 1073 1092 1158 sepulturam'.
1121 1093 1157 1140 ex
1180 1074 1241 1141 hac
1263 1069 1358 1139 turba
1378 1093 1463 1142 mor·

274 1223 279 1245 .
310 1183 439 1246 tuorum
472 1181 563 1263 qusai
599 1181 832 1246 reuiuisoentes
863 1179 1062 1247 deliciarum
1094 1184 1127 1245 et
1157 1181 1394 1246 Praetextabrm
1429 1181 1462 1245 in

311 1286 379 1351 suis
408 1287 582 1352 honoribus
609 1288 801 1369 suscepistis
825 1290 859 1352 et
886 1287 925 1352 ab
949 1287 995 1353 eis
1022 1288 1057 1352 in
1079 1287 1138 1352 illa
1159 1291 1260 1366 morte
1283 1286 1462 1369 baptizatos

310 1412 370 1458 non
403 1392 638 1479 rebaptizastis,
671 1394 746 1476 quia
776 1393 975 1476 baptismum
1004 1393 1122 1460 Christi
1154 1393 1231 1459 loris
1264 1392 1373 1458 datum
1405 1411 1463 1475 per

310 1503 453 1566 mortuos
485 1500 620 1564 mortuis
653 1519 714 1564 non
746 1499 909 1582 prodesse,
947 1499 1082 1565 eundem
1114 1503 1221 1565 tamen
1252 1499 1359 1582 ipsum
1390 1517 1461 1582 pro
1478 1520 1508 1560 ιο

309 1604 401 1669 desse
445 1604 531 1670 intus
580 1604 850 1671 resipiscentibus
892 1605 1082 1690 agnouistis.
1125 1605 1310 1690 proponitur
1354 1604 1460 1670 nobis:

287 1710 452 1782 „Oleum
493 1713 729 1794 peccatoris
771 1732 845 1777 non
892 1713 1113 1796 inpinguet
1154 1715 1276 1796 caput
1317 1729 1458 1784 meum;

308 1817 516 1901 respondetur
541 1819 601 1884 boo
629 1819 784 1902 scriptum
813 1818 852 1883 de
881 1819 1095 1884 assentatione
1128 1819 1191 1883 leni
1223 1821 1320 1899 atque
1352 1816 1459 1881 fallaci

311 1923 417 1989 blandi
436 1924 610 1990 adulatoris
633 1924 789 2009 intellegi,
813 1925 888 2007 quia
910 1924 1065 2010 unguitur
1088 1927 1121 1989 et
1144 1924 1259 1990 erescit
1281 1924 1327 1988 eis
1351 1928 1458 2006 eaput,

309 2047 383 2094 cum
415 2030 585 2096 laudantur
612 2034 794 2114 peccatores
823 2031 855 2095 in
883 2031 1049 2097 desideriis
1078 2031 1202 2096 animae
1229 2048 1306 2096 suae
1334 2033 1376 2107 et,
1404 2029 1459 2113 qui
1479 2055 1506 2095 ea

308 2134 419 2219 iniqua
433 2138 566 2222 egerint,
585 2137 822 2216 benedicantur.
842 2137 927 2220 quod
942 2156 980 2202 ex
992 2137 1096 2221 priore
1111 2156 1206 2202 ereren
1221 2136 1301 2201 satis
1315 2141 1458 2218 apparet3

309 2241 355 2306 sic
376 2243 465 2328 enim
482 2243 588 2328 posita
612 2247 663 2309 ast
685 2247 754 2310 tota
777 2244 949 2312 sententia:
973 2242 1216 2308 Emendabit
1237 2262 1296 2308 me
1318 2241 1459 2307 iustus

308 2347 345 2412 in
378 2349 667 2414 misericordia
695 2354 735 2415 et
762 2354 910 2432 arguet
933 2369 1012 2426 me,
1039 2352 1171 2415 oleum
1193 2353 1341 2414 autem
1374 2366 1459 2431 pec·

309 2456 467 2520 catoris
496 2476 568 2521 non
597 2456 866 2541 inpinguabit
889 2460 1011 2540 caput
1038 2474 1175 2521 meum.
1203 2456 1299 2520 malle
1322 2472 1358 2519 se
1381 2453 1461 2518 dixit

306 2562 412 2626 ueraci
431 2561 645 2628 misericordis
665 2562 853 2628 austeritate
872 2563 1031 2646 compesci
1051 2581 1148 2645 quam
1167 2560 1348 2643 deceptoria
1363 2558 1459 2624 laude
1476 2588 1505 2629 ao

305 2665 446 2732 fallentis
469 2668 588 2736 extolli.
613 2667 670 2733 sed
694 2686 757 2751 quo
781 2667 876 2734 modo
898 2668 979 2734 libet
1001 2669 1061 2733 hoc
1085 2668 1291 2752 intellegatis,
1316 2665 1457 2730 certain

305 2773 362 2850 eis,
391 2792 471 2857 quos
498 2774 530 2839 in
559 2773 726 2859 sacrilegio
754 2775 939 2840 Maximiani
967 2774 1148 2839 Feliciones
1176 2779 1209 2838 et
1234 2772 1457 2838 Praetextatus

306 2880 558 2963 baptisauerunt
592 2883 650 2946 out
680 2882 883 2964 peccatorum
915 2879 1022 2945 oleum
1055 2880 1243 2964 suscepistis
1276 2878 1457 2945 autetiam

303 2986 523 3067 peccatoribus
552 2986 806 3052 ministrantibus
831 2983 942 3051 datum
966 2986 1086 3052 Christi
1115 3004 1186 3052 osse
1209 2988 1316 3052 oleum
1340 3004 1456 3070 cogno·

303 3093 413 3170 uistis;
436 3112 537 3177 neque
565 3094 648 3159 euim
677 3112 739 3160 non
767 3096 857 3159 erant
883 3102 1077 3178 peccatores,
1107 3092 1232 3176 quando
1262 3092 1300 3157 de
1327 3092 1393 3157 illis
1420 3091 1453 3158 in
1472 3121 1501 3162 ss

391 3320 462 3374 2-6
485 3320 555 3389 Aug.
581 3323 675 3374 eontra
698 3318 824 3375 crescon.
848 3319 917 3374 Don.
941 3319 979 3375 lv
1005 3320 1050 3383 18;
1075 3324 1170 3374 contra
1195 3317 1330 3375 Gaudent.
1349 3318 1417 3372 Don.
1438 3317 1452 3371 1

301 3410 348 3472 54;
368 3412 465 3462 contra
481 3408 537 3464 litt.
556 3407 685 3463 Petiliam
704 3408 717 3461 1
739 3409 785 3472 11;
807 3408 835 3461 ll
856 3408 888 3462 16
966 3408 1012 3472 12;
1035 3410 1067 3463 11
1087 3407 1132 3462 Pa.
1155 3407 1250 3471 loeo

339 3535 350 3587 l
373 3533 568 3587 communionis
587 3535 798 3603 congregatione
822 3533 849 3589 U
937 3533 1086 3604 nagalense
1105 3533 1133 3586 P
1149 3534 1296 3603 bagaiense
1319 3531 1375 3587 w
1390 3531 1451 3588 cdd.

301 3619 491 3691 sedandum]
511 3621 709 3691 quodammodo
733 3622 788 3676 VU
804 3622 866 3676 edd.
944 3626 961 3677 5
981 3626 1044 3692 post
1062 3623 1177 3676 eiectam
1200 3620 1297 3676 vvir
1314 3637 1363 3691 per
1381 3622 1451 3674 eiec-

300 3717 356 3764 tam
374 3727 388 3760 a
460 3710 524 3778 aqui
543 3709 686 3764 ultricibus
710 3710 767 3764 VU
782 3717 807 3765 et
827 3710 893 3765 odd.
913 3712 946 3765 ies
962 3725 1050 3779 marg.
1070 3711 1229 3764 mascam
1247 3709 1324 3779 aquis
1347 3708 1450 3763 ultrici·

300 3799 351 3852 bus
370 3799 403 3851 lr
496 3799 525 3851 ll
547 3798 752 3863 replicantibus,
772 3814 842 3853 corr.
861 3804 922 3852 eal
945 3798 1175 3854 resipiscentibus
1192 3797 1222 3852 P
1312 3793 1370 3851 1111
1388 3814 1449 3867 pro·

299 3883 453 3957 poniturP
556 3887 590 3940 12
607 3886 770 3957 inpingeret
789 3887 815 3940 P
833 3887 1034 3958 impinguabit?
1052 3888 1088 3956 cf.
1107 3904 1135 3943 a.
1155 3889 1193 3940 19
1301 3887 1335 3942 14
1356 3901 1410 3956 qua
1423 3902 1451 3940 ss

335 3974 454 4044 ungitur,
474 3990 541 4027 corr.
561 3975 814 4046 m.1nnguitan
858 3978 892 4031 lo
903 3976 1101 4032 benedicuntur
1113 3991 1163 4035 sss
1201 3976 1234 4029 17
1253 3972 1411 4029 emendabit
1425 3973 1454 4028 P

301 4064 333 4115 19
351 4063 422 4117 male
440 4063 467 4117 P
518 4062 555 4117 20
572 4064 767 4119 misericordiis
785 4065 812 4119 P
883 4065 1038 4121 consessori
1055 4065 1084 4119 P
1100 4064 1204 4119 conseri
1222 4062 1278 4119 Vll
1292 4068 1319 4117 at
1336 4062 1403 4118 edd.
1417 4063 1451 4116 ais

298 4167 383 4221 snorg.
402 4152 560 4207 coniectare
579 4153 682 4207 contexi
702 4154 738 4206 lr
755 4153 860 4208 conteri
877 4170 941 4222 ειη,-
957 4153 1058 4225 scripsi
1076 4153 1209 4223 compesci
1272 4152 1307 4207 al
1325 4150 1379 4206 boe
1397 4168 1449 4208 ors.

302 4237 357 4296 Vll
373 4239 433 4293 edd.
488 4240 681 4310 dimaximini
699 4241 738 4294 P·
780 4241 815 4296 24
835 4247 1008 4312 peecatorum
1026 4241 1176 4296 eoddder
