3309 4867
374 381 439 446 590
733 381 762 436 S.
788 380 926 435 Aureli
953 379 1169 450 Augustini

374 574 472 654 sione,
496 576 648 662 quiequid
669 580 799 645 terroris
822 577 1076 662 praeparabatur,
1100 578 1225 642 auemat
1247 581 1281 644 et
1303 579 1471 645 conuertat
1491 578 1523 643 in

374 680 537 765 gaudium,
570 683 633 756 iam
661 685 752 750 nouit
778 685 859 768 ipae,
891 702 949 750 nna
978 685 1086 748 autom
1113 682 1307 767 ignoramus.
1342 686 1421 770 quid
1447 703 1523 769 ergo

373 787 426 852 hic
461 791 533 853 ante
570 793 697 880 tempus
733 790 816 856 inter
848 808 906 857 nce
938 807 995 875 agn
1029 792 1062 854 et
1091 791 1286 872 praestantia
1317 795 1374 858 tua
1405 790 1523 856 nasus

373 893 576 960 laboremus?
606 912 797 979 seponamus
820 895 989 980 paululum
1013 913 1132 975 curam,
1161 897 1253 962 onius
1277 898 1354 963 hora
1377 915 1439 962 uon
1463 901 1523 972 est

373 1004 406 1067 et
424 999 509 1084 quod
526 1019 652 1085 semper
669 1002 779 1080 instat,
799 1003 827 1068 si
845 1003 961 1086 placet,
981 1020 1126 1087 mamus.
1148 1003 1274 1069 nullum
1292 1002 1376 1069 enim
1394 1005 1522 1086 tempus
1547 1022 1559 1063 a

374 1110 434 1184 ost,
470 1125 533 1190 quo
565 1126 627 1173 uon
659 1107 771 1175 deceat
801 1113 836 1175 et
868 1111 1013 1193 oporteat
1046 1126 1150 1192 agere,
1187 1109 1272 1175 unde
1303 1109 1362 1176 deo
1398 1109 1522 1194 placere

373 1211 549 1297 pessimum
586 1213 673 1297 quod
708 1215 740 1281 in
779 1215 840 1281 han
874 1216 943 1280 uita
977 1232 1081 1298 usque
1117 1213 1156 1280 ad
1190 1234 1259 1281 eam
1295 1214 1521 1300 perfectionem

373 1318 509 1401 impleri,
540 1322 578 1385 ut
608 1321 734 1387 nullum
761 1322 889 1388 omnino
921 1325 1090 1404 peccatum
1121 1321 1200 1387 insit
1230 1321 1263 1388 in
1295 1321 1434 1399 bomine,
1466 1327 1522 1386 ant

373 1444 434 1490 nou
456 1428 564 1509 potest
586 1428 643 1492 aut
663 1428 728 1495 tort
769 1427 996 1494 difficillimum
1020 1432 1081 1494 ast.
1105 1427 1177 1494 inde
1199 1427 1351 1512 praecisis
1374 1427 1521 1494 omuibus

375 1531 581 1599 dilationibus
600 1533 641 1598 ad
658 1533 904 1620 illiua=gratiam
930 1533 1177 1620 confugiendum
1200 1535 1260 1614 est,
1281 1534 1333 1600 cui
1355 1534 1522 1600 uerissima
1539 1556 1561 1596 n

375 1637 439 1703 dici
465 1641 584 1723 potest,
612 1640 696 1723 qrred
725 1641 863 1709 carmine
891 1639 1067 1706 adulatorio
1095 1640 1203 1707 nescio
1231 1639 1285 1706 oui
1312 1639 1412 1714 nobili
1435 1639 1522 1715 dixit,

376 1744 431 1828 qui
461 1746 570 1810 mmen
602 1764 640 1810 or
668 1745 807 1812 Cumaea
840 1750 1003 1829 tamquam
1037 1764 1074 1811 cr
1105 1747 1290 1831 prophetico
1318 1745 1456 1812 carmine
1488 1764 1524 1810 ss

375 1849 536 1934 accepisse
560 1849 724 1916 confessus
748 1854 812 1917 est:

480 1954 525 2021 Te
549 1954 639 2035 duco,
663 1956 692 2022 si
714 1976 778 2041 qus
800 1961 929 2024 manent
950 1957 1082 2024 sceleris
1106 1958 1244 2042 uestigia
1266 1956 1377 2031 nocui,

481 2061 577 2127 inrita
598 2069 752 2147 perpetua
774 2065 903 2131 sclueut
923 2063 1092 2130 formidine
1114 2066 1224 2130 terras.
1538 2090 1560 2130 a

378 2169 438 2238 boc
461 2167 544 2234 enim
568 2166 648 2235 duco
676 2170 792 2236 solutis
816 2169 963 2236 omnibus
987 2169 1192 2251 dimissisque
1218 2168 1359 2253 peccatis
1387 2167 1449 2234 bac
1469 2167 1523 2232 uia
1616 2185 1617 2192 ¹

380 2275 420 2357 ad
442 2275 612 2341 caelestem
639 2275 774 2358 patriam
801 2277 997 2361 peruenitur,
1025 2276 1118 2342 cuius
1140 2274 1334 2342 habitatione
1357 2293 1431 2340 cum
1453 2292 1526 2339 eam
1616 2271 1617 2280 ’

379 2380 438 2448 tibi
457 2371 636 2461 amandam,
653 2386 806 2466 quantum
823 2384 926 2467 potui,
946 2378 1210 2460 commendarem,
1233 2380 1404 2447 admodum
1423 2378 1522 2446 deleo

379 2492 467 2554 tatus
491 2506 535 2556 cs.

242 2591 292 2661 iv
316 2595 357 2661 12
425 2593 488 2660 Sed
514 2593 590 2677 quia
616 2593 735 2673 dixisti,
767 2594 855 2677 qnod
883 2613 992 2661 omnes
1020 2613 1089 2661 eam
1122 2593 1210 2679 leges
1238 2592 1374 2658 disemis
1401 2592 1465 2658 uiis
1491 2597 1561 2658 ote

379 2700 560 2766 tramitibus
584 2703 745 2784 appetant,
767 2720 891 2779 uersor,
915 2709 954 2767 te
976 2702 1068 2779 forte,
1093 2719 1165 2765 cum
1189 2703 1283 2783 putas
1311 2699 1408 2764 etiam
1434 2698 1522 2764 iliam

379 2807 475 2885 amm,
491 2806 526 2872 in
545 2825 607 2891 pua
625 2827 706 2873 nunc
721 2808 916 2888 constitutus
935 2827 981 2886 es,
996 2826 1033 2874 eo
1048 2807 1186 2886 tendere,
1200 2805 1320 2892 pigrior
1338 2806 1384 2870 sis
1398 2805 1438 2870 ad
1453 2823 1520 2869 eam

378 2909 556 2991 tenendam,
580 2933 660 2997 quae
681 2914 760 2979 illnc
783 2914 853 2982 sola
875 2913 1030 2998 perducit.
1055 2912 1112 2979 aad
1135 2932 1247 2979 rursus
1270 2912 1416 2989 uerbum,
1439 2909 1523 2993 quod

377 3019 525 3106 posuisti,
553 3018 723 3106 diligenter
750 3019 924 3090 adtendens
955 3019 1065 3087 uideor
1097 3020 1177 3085 mibi
1203 3021 1292 3085 tuam
1324 3036 1386 3083 nnn
1418 3017 1522 3101 inpru-

378 3127 487 3193 denter
513 3126 634 3210 aperiro
666 3127 867 3194 sententiam.
897 3145 999 3212 neque
1027 3126 1112 3191 onim
1139 3125 1257 3205 dixisti,
1290 3144 1386 3209 quam
1414 3142 1557 3190 nmuess

376 3224 465 3319 leg'os
493 3232 628 3322 diuersis
656 3234 781 3300 uiis‘at
806 3233 988 3300 tramitibus
1018 3232 1238 3315 adsequuntur
1269 3233 1327 3297 aut
1353 3230 1523 3296 ostendunt

377 3343 433 3406 aut
458 3339 625 3405 inueniunt
652 3345 707 3406 aut
732 3340 956 3424 ingrediuntur
981 3341 1039 3405 aut
1061 3339 1205 3404 obtinent
1231 3341 1288 3403 aut
1310 3336 1432 3420 aliquid
1454 3335 1522 3401 eius

376 3446 472 3523 modi,
501 3445 557 3511 aad
590 3445 722 3512 dicendo
753 3447 931 3531 ‘appetunt‘
959 3446 1075 3512 librato
1108 3443 1203 3510 uerbo
1237 3446 1332 3527 atque
1369 3460 1521 3526 perpenso

377 3573 436 3618 non
465 3551 664 3634 adeptionem
698 3552 888 3639 significasti
920 3551 977 3618 sod
1004 3549 1201 3634 adipiscendi
1229 3548 1448 3634 cupiditatem.
1480 3548 1523 3612 ita

377 3679 433 3726 nec
465 3658 564 3733 illam,
598 3677 678 3740 quae
711 3678 786 3724 uera
814 3664 874 3736 ast,
908 3656 1072 3724 exclusisti
1104 3674 1161 3722 noo
1193 3654 1283 3730 alias,
1316 3672 1396 3738 quae
1423 3652 1557 3722 falsae»
1614 3623 1615 3716 i

376 3770 461 3844 sunt,
494 3764 668 3842 admisisti;
703 3769 736 3830 ot
766 3765 822 3830 illa
856 3756 972 3850 pnippa
1005 3763 1137 3847 appetit,
1166 3781 1247 3845 queo
1278 3760 1433 3844 perducit,
1467 3777 1521 3825 uec

375 3871 519 3957 perducit
547 3871 661 3944 omnis,
693 3887 773 3954 qnae
806 3871 866 3936 hoc
899 3870 1030 3955 appetit
1064 3888 1127 3952 quc
1156 3868 1302 3951 quisquis
1329 3865 1520 3950 perducitur,

376 3980 444 4046 sine
475 3978 543 4043 ulla
575 3976 773 4043 dubitatione
805 3977 920 4042 boatus
950 3977 1015 4052 est;
1051 3973 1137 4040 beati
1169 3975 1276 4039 autem
1309 3990 1418 4038 omnes
1452 3989 1520 4036 osse

310 4225 323 4250 ἣ
465 4168 499 4222 14
516 4167 598 4236 Verg.
618 4168 684 4222 Bne.
704 4166 743 4222 IV
763 4167 869 4223 13-14
923 4161 1028 4221 20-21
1050 4161 1084 4219 ei.
1103 4180 1129 4233 p.
1149 4163 1211 4227 579,
1230 4162 1335 4217 20-21

409 4275 425 4328 9
445 4272 516 4327 unde
534 4289 561 4325 m
610 4273 645 4326 24
663 4270 837 4341 impudenter
859 4268 886 4323 V
901 4269 978 4341 (Μ
995 4265 1193 4338 imprudenter)
1217 4265 1264 4321 Ue
1309 4265 1344 4321 82
1362 4263 1426 4337 hoe]
1444 4263 1476 4319 id
1495 4262 1520 4318 U
