3309 4867
272 321 338 386 214
627 317 653 373 S.
681 317 822 373 Aureli
849 316 1069 388 Augustini
1108 317 1110 326 '

272 513 422 580 continuo
453 512 583 578 reddere
614 503 706 596 potui
737 530 795 578 nec
822 510 885 578 tihi
912 515 1018 578 tamen
1047 513 1169 580 diutius
1192 513 1299 580 deberi
1321 514 1421 590 uolui,

272 619 357 703 quod
380 622 490 703 posset
511 622 546 684 et
567 639 618 684 ma
641 618 778 688 habente
801 617 969 685 redhiberi.
1002 619 1134 702 proinde
1162 620 1326 685 carissimo
1356 619 1421 684 filio

270 724 457 809 presbytero
489 723 607 808 Optato
635 723 792 809 delegaui,
816 726 855 789 ut
882 725 928 790 eis
957 723 1055 804 horis,
1080 744 1160 808 quas
1185 725 1246 790 tihi
1273 729 1422 809 opportu-

271 830 376 897 niores
411 829 542 908 uideris,
579 834 685 895 tecum
721 832 810 915 legat
842 848 889 906 ea,
922 849 1004 914 quae
1035 831 1199 915 pollicitus
1229 851 1316 899 sum.
1348 850 1421 896 cum

271 941 376 1003 totum
400 937 468 1004 fieri
489 951 585 1022 posse
607 938 809 1021 pemenserit
834 937 894 1003 hoc
922 938 1018 1003 etiam
1047 937 1211 1003 eximietas
1236 942 1294 1004 tua
1326 957 1421 1020 quarn
1453 958 1467 998 a

273 1047 361 1127 grate
391 1043 560 1128 acceperit,
593 1047 659 1122 tans
690 1043 817 1128 inpigro
850 1047 946 1127 atque
979 1045 1094 1111 acritm
1124 1043 1227 1111 iecere
1264 1042 1421 1110 suadebit

272 1155 433 1232 quantum
459 1153 565 1216 autam
598 1151 631 1224 te
664 1148 795 1234 diligam
828 1149 1074 1234 salubribusque
1108 1150 1223 1216 studiis
1256 1151 1290 1215 in
1316 1168 1423 1215 rerum

273 1257 450 1322 diuinarum
473 1261 570 1339 atque
593 1256 801 1321 humansrum
826 1256 1009 1341 cognitione
1032 1256 1185 1322 oblectari
1215 1261 1312 1340 atque
1335 1274 1423 1321 exer·

273 1364 336 1428 ceri
359 1363 468 1442 uelim,
492 1361 596 1441 eredo,
620 1361 704 1445 quod
729 1362 851 1445 optime
873 1363 1056 1449 intellegas.

229 1466 248 1527 2
269 1551 274 1563 ὓ
318 1468 489 1536 Caritatem
517 1468 616 1535 officii
642 1468 705 1534 mei
735 1470 764 1534 si
789 1488 853 1535 non
881 1473 1069 1554 aspernaris,
1098 1489 1189 1554 spero
1212 1470 1245 1535 in
1269 1470 1339 1554 ipse
1360 1468 1421 1532 fide
1441 1490 1469 1529 ro

273 1574 451 1640 Christiane
483 1578 516 1640 at
546 1575 579 1642 in
609 1574 752 1641 moribus
781 1576 845 1641 iem
873 1575 920 1640 ita
947 1577 1140 1642 constitutae
1166 1594 1320 1659 personae
1349 1578 1423 1639 tuae

273 1675 422 1766 congruis
453 1682 535 1747 tales
566 1685 600 1747 te
630 1685 805 1763 prouectus
837 1681 1034 1760 habiturum,
1068 1685 1106 1748 nt
1135 1681 1232 1748 huius
1261 1682 1342 1748 fumi
1369 1680 1423 1745 uel

272 1788 400 1872 uepons
423 1788 618 1870 temporalis,
643 1806 723 1871 quae
745 1788 815 1854 uita
838 1789 978 1853 humana
1000 1789 1129 1867 dicitur,
1152 1789 1304 1854 ultimum
1327 1787 1422 1862 diem,

273 1914 367 1977 quem
399 1894 480 1958 nulh
511 1894 695 1959 mortalium
733 1896 853 1959 euitme
894 1896 1087 1974 conceditur,
1125 1895 1177 1959 nel
1218 1894 1334 1960 auidus
1370 1890 1424 1957 uel

274 2017 405 2065 securus
437 2000 491 2064 uel
523 2003 702 2065 cartonen
736 1999 901 2091 desperata
934 2002 1093 2067 sollicitus
1126 2007 1187 2066 non
1219 2001 1252 2066 ih
1280 2000 1420 2065 uanitate
1439 2017 1467 2058 rs

274 2106 387 2172 erroris
416 2105 472 2172 sed
499 2105 532 2171 in
561 2105 723 2171 soliditate
750 2107 897 2174 uentahs
926 2106 1082 2191 expected.
1108 2125 1202 2191 quam
1226 2110 1347 2172 certum
1371 2109 1422 2168 est

273 2213 357 2278 enirn
384 2213 444 2277 tihi
471 2214 581 2277 uiuere
608 2215 651 2292 te,
673 2216 746 2278 'tam
775 2213 819 2278 sit
846 2218 968 2279 certum
996 2207 1141 2280 doctriua
1168 2213 1308 2278 salutari
1325 2213 1422 2276 istam

273 2319 384 2394 ultam,
412 2331 496 2403 quea
520 2319 553 2384 in
577 2318 704 2399 deliciis
732 2319 961 2406 temporalibus
989 2319 1105 2404 egitur,
1133 2319 1163 2384 iu
1189 2317 1422 2401 comparatione

274 2425 360 2490 uitae
396 2428 558 2506 aeternna*
576 2444 666 2508 ‘quae
698 2425 796 2490 nohis·
823 2431 880 2509 per
912 2425 1074 2492 Christum
1108 2429 1201 2509 atquae
1223 2427 1277 2490 'in
1296 2423 1421 2490 Christo

274 2530 480 2614 promittitur,
504 2551 565 2596 non
593 2531 694 2597 uitam
723 2530 779 2597 sed
807 2535 941 2597 mortem
976 2551 1047 2598 esee
1079 2531 1302 2616 deputandam.
1333 2527 1421 2593 nullo
1439 2551 1469 2593 eo

274 2637 369 2704 modo
406 2641 512 2704 autem
545 2637 759 2703 dubitauerim
794 2625 833 2702 de
865 2638 970 2703 indole
1005 2642 1070 2715 tue,
1099 2637 1184 2728 quod
1206 2637 1271 2702 ista
1293 2652 1423 2702 consue-

275 2742 383 2808 tudine
411 2743 650 2809 Donatistarum
681 2743 835 2809 facillime
866 2748 899 2809 te
932 2744 1086 2820 extrahes,
1122 2744 1150 2808 si
1181 2740 1423 2827 religiosissime

274 2852 375 2936 ipsam
400 2850 610 2916 Christianam
634 2849 807 2932 pantatem
831 2870 892 2915 non
918 2835 1166 2934 oaruipendaris.
1194 2855 1289 2932 quam
1318 2847 1424 2916 incon·

274 2957 378 3028 cussis
406 2956 488 3022 enim
512 2952 770 3023 documentorum
795 2957 1000 3022 firmamentis
1023 2976 1108 3022 orror
1129 2956 1184 3022 ille
1206 2956 1423 3031 conuincatnr‚

274 3083 335 3128 nou
364 3082 514 3148 magnum
542 3068 594 3128 est
625 3065 721 3127 etiam
749 3062 849 3128 tardis
880 3063 1019 3148 ingenio,
1052 3062 1081 3127 si
1113 3065 1237 3128 tantum
1269 3061 1468 3146 patienterrs

274 3168 507 3253 atqueintente
526 3169 694 3248 audierint,
714 3170 890 3253 perdidere.
915 3169 969 3234 sed
994 3169 1034 3234 ad
1057 3170 1239 3234 sectandam
1261 3163 1421 3234 insolitam

274 3275 495 3368 rectitudinem
530 3277 667 3342 usitatae
700 3277 791 3359 quasi
819 3276 984 3342 familiaris
1012 3276 1231 3359 peruersitatis
1258 3273 1423 3366 uinculum

275 3373 643 3466 abrumpere'maiorum
672 3383 790 3448 uirium
820 3387 878 3452 est.
913 3387 945 3449 et
971 3401 1169 3465 nequequam
1194 3380 1422 3466 desperandum

276 3475 445 3573 adiuuante
473 3495 569 3572 atque
597 3492 781 3558 exhortante
809 3488 880 3572 ipso
905 3490 1031 3554 domiuo
1056 3489 1114 3553 deo
1137 3492 1244 3553 nostro
1268 3488 1308 3552 de
1332 3503 1423 3571 geue-

368 3715 473 3768 121ac.
493 3716 520 3780 4,
542 3714 573 3766 15

316 3856 328 3907 l
349 3870 398 3907 nec
416 3854 468 3907 libi
485 3859 577 3908 tamen
593 3854 707 3921 amiram
723 3869 767 3906 me
786 3852 838 3906 tihi
857 3857 948 3906 tamen
971 3851 1055 3906 ΝΠ
1070 3851 1130 3905 cdd.
1151 3868 1193 3905 me
1212 3858 1304 3905 tamen
1323 3852 1374 3906 tihi
1393 3851 1426 3904 H

313 3940 404 3995 deberi
422 3943 502 4012 (corr.
523 3940 632 4007 debere)
652 3940 727 3994 nolui
746 3939 773 3993 V
789 3938 888 3994 debere
907 3939 981 3993 nolui
995 3939 1055 3993 cdd.
1107 3940 1124 3993 2
1144 3941 1230 4010 possit
1251 3939 1279 3993 U
1328 3941 1361 3994 15
1375 3938 1421 3993 de·

277 4047 384 4099 sperare
402 4030 434 4084 Η
440 4029 493 4085 VU
547 4033 580 4084 16
599 4034 748 4099 exspectes,
768 4045 837 4082 corr.
856 4032 918 4081 eal
936 4032 1076 4098 exspectes
1095 4028 1127 4082 Η
1191 4029 1224 4083 18
1244 4029 1337 4097 egitur
1354 4032 1422 4081 tem·

277 4119 413 4187 paralibus
430 4119 517 4189 meam
535 4134 604 4174 corr.
629 4118 654 4171 V
718 4119 753 4172 26
773 4116 929 4171 audiueriut
946 4117 1089 4187 prouidere
1113 4116 1168 4171 VU
1229 4118 1264 4172 27
1286 4117 1376 4186 quasi}
1396 4120 1426 4169 et

279 4207 357 4275 quasi
375 4207 435 4263 edd.
490 4207 524 4260 29
544 4205 702 4260 cohortante
726 4205 778 4260 Vl)
