3309 4867
355 378 421 442 600
667 432 672 441 ,
713 378 740 430 S.
769 375 909 430 Aureli
937 376 1157 446 Augustini

355 589 413 653 pro
442 572 511 653 ipse
537 569 674 635 ueritate
702 573 812 635 oosbs
839 590 975 637 errorem
1004 571 1125 649 iubent,
1152 570 1239 654 quod
1266 571 1415 656 quisquis
1438 589 1499 636 oon

356 676 534 759 tempserit,
563 676 633 759 ipss
662 676 725 741 sibi
746 676 903 744 iudicium
926 677 1079 761 sdquirit3
1107 697 1181 743 nom
1204 682 1237 743 et
1260 678 1342 743 inter
1363 677 1512 743 homines

356 800 475 863 poenes
506 781 569 847 luit
596 781 745 866 et·spud
774 781 870 848 deum
901 784 1038 849 nentem
1070 803 1132 849 non
1165 784 1305 860 hebebit
1340 783 1415 868 quis
1448 782 1511 848 boc

356 890 459 953 theere
492 888 604 964 noluit,
638 889 724 972 quod
756 889 786 953 si
817 909 874 973 per
906 909 974 956 eor
1006 890 1116 975 regis
1148 891 1219 973 ipss
1250 891 1371 955 ueritas
1402 889 1510 965 iussit,

358 993 445 1060 sieut
480 993 549 1077 ipse
587 992 883 1059 Nabuchodonosor
923 998 1036 1078 postes
1072 995 1224 1061 mirsoulo
1263 997 1376 1062 solutis
1412 997 1511 1061 trium
1539 1017 1552 1056 s

357 1118 526 1184 puerorum
542 1104 723 1165 commotus
742 1104 838 1184 etque
856 1105 1002 1167 mutatus
1021 1121 1077 1185 pro
1096 1103 1233 1167 ueritate
1246 1107 1356 1168 contre
1374 1122 1510 1168 errorem

357 1205 500 1276 edietum
514 1207 691 1291 proposuit,
707 1211 760 1286 ut,
776 1208 1022 1291 quicumque
1042 1208 1378 1293 blasphemarent
1394 1207 1510 1302 deum

359 1312 512 1390 Sidrec‚
540 1312 669 1378 Miser
699 1317 739 1378 et
761 1313 991 1400 Abdensgo
1021 1316 1061 1380 in
1089 1316 1305 1381 interitum
1334 1315 1443 1380 irent
1470 1317 1511 1380 st

359 1419 498 1484 domus
527 1438 664 1485 eorum
692 1420 730 1485 in
760 1421 1071 1505 dispersionem.
1100 1427 1133 1487 et
1160 1442 1221 1488 non
1251 1423 1362 1499 uultis,
1390 1427 1428 1486 ut
1454 1421 1510 1485 sli-
1617 1469 1618 1472 η

359 1526 437 1609 quid
455 1528 519 1592 tels
538 1531 648 1592 eonhs
666 1546 725 1592 uos
739 1528 872 1593 iubesut
889 1528 1098 1612 imperatores
1118 1529 1298 1607 Christiani,
1317 1548 1391 1593 eum
1409 1527 1511 1593 soisut
1528 1547 1553 1587 ιο

361 1632 496 1699 euobis
521 1634 551 1698 in
575 1634 633 1710 sis,
663 1653 744 1715 quos
767 1633 984 1717 rebaptizatis,
1009 1635 1171 1702 Christum
1191 1635 1371 1700 exsufflari?
1396 1634 1424 1700 si
1446 1633 1511 1697 ius-

360 1740 465 1805 siones
493 1759 605 1824 regum
634 1759 695 1806 nou
729 1742 888 1823 pertinent
919 1742 960 1808 sd
991 1740 1232 1827 praedicendam
1265 1741 1451 1825 religionem
1479 1747 1513 1804 et

361 1846 529 1931 sacrilegia
559 1846 768 1928 prohibenda,
797 1866 893 1929 quere
922 1849 962 1913 sd
985 1849 1127 1914 edietum
1154 1849 1240 1932 regis
1267 1848 1346 1913 telis
1372 1846 1513 1916 iubentis

360 1952 458 2018 etism
481 1953 543 2037 ipsi
561 1970 621 2018 uos
645 1953 803 2038 signetis?
826 1972 864 2019 sn
889 1954 1044 2039 ignoretis
1063 1955 1161 2024 uerba
1179 1955 1264 2039 regis
1283 1972 1368 2019 esso:
1388 1952 1514 2036 Signo

361 2062 401 2123 ot
430 2061 604 2138 ostentu,
638 2078 738 2142 quse
770 2059 876 2125 feeit
907 2060 1006 2125 mibi
1039 2060 1227 2126 dominus
1257 2058 1355 2125 deus
1388 2058 1555 2124 excel-1⁵

362 2183 442 2242 sus,
479 2164 642 2248 placuit
674 2166 772 2230 mihi
804 2168 843 2231 in
877 2170 1103 2250 conspeetu
1137 2186 1222 2232 rneo
1256 2165 1513 2238 adnuntiare,

364 2290 480 2352 quem
502 2278 751 2358 magnumst
778 2278 924 2357 potens
948 2273 1007 2339 sit
1028 2292 1194 2358 regnum
1224 2273 1324 2348 eius,
1348 2290 1513 2353 reguum

364 2378 660 2463 sempiternum
694 2381 734 2444 et
765 2383 953 2463 potestas
982 2381 1071 2446 eius
1104 2380 1141 2444 in
1174 2380 1346 2446 sueouls
1378 2396 1514 2443 esseu-

364 2487 515 2551 lorum?
543 2504 594 2562 sn,
623 2503 697 2550 eum
725 2486 786 2551 hoo
810 2486 987 2566 audieritis,
1016 2505 1078 2552 uon
1102 2485 1313 2570 respondetis:
1338 2486 1461 2549 ‘Amen’
1483 2488 1517 2547 et

365 2590 426 2655 boe
449 2589 534 2655 dioto
559 2590 645 2655 clere
671 2608 751 2656 uoee
774 2589 813 2654 ad
837 2589 979 2657 edietum
1002 2591 1086 2675 regis
1114 2610 1173 2656 uos
1196 2590 1228 2656 in
1256 2593 1367 2656 ssuots
1389 2590 1516 2656 sollem-
1533 2615 1557 2653 u
1617 2645 1618 2656 ,

366 2697 465 2764 nitate
484 2697 640 2782 signetis?
660 2696 717 2762 sed
736 2697 829 2764 modo
849 2698 924 2782 quie
942 2698 1023 2764 nihil
1041 2697 1126 2783 spud
1143 2698 1351 2782 imperotores
1368 2697 1517 2781 potestis,

366 2802 460 2869 nobis
485 2803 557 2869 inde
586 2803 689 2869 uultis
712 2803 815 2869 iseore
838 2803 1009 2880 inuidiam
1038 2804 1067 2870 si
1090 2807 1199 2870 sutem
1222 2801 1344 2889 aliquid
1367 2805 1516 2887 possetis,

366 2912 486 2992 quante
507 2907 666 2984 faceretis,
690 2909 815 2993 quaudo
838 2909 919 2975 nihil
941 2909 1083 2994 potestis
1103 2913 1137 2978 et
1158 2928 1220 2975 nos
1244 2908 1392 2982 esssetisi

323 3025 343 3088 8
413 3014 548 3082 Scitote:
577 3015 673 3098 primi
701 3016 837 3081 maiores
864 3016 970 3082 nostri
993 3034 1124 3082 oensem
1152 3014 1323 3084 Csooilirni
1355 3014 1395 3079 sd
1420 3015 1519 3098 impe

367 3125 504 3188 retorem
533 3121 778 3189 Constantinum
805 3122 999 3188 detulerunt.
1032 3122 1149 3209 exigito
1175 3122 1237 3188 hoe
1264 3139 1284 3186 s
1315 3119 1418 3197 nobis,
1448 3139 1561 3204 prosp

458 3298 476 3350 4
495 3295 574 3349 Preu.
594 3295 638 3359 21,
660 3296 673 3350 1
731 3295 836 3352 suun.
855 3296 881 3360 3,
901 3296 1007 3351 95-96
1065 3298 1098 3350 14
1116 3295 1187 3353 Dsn,
1206 3295 1232 3359 Β,
1249 3293 1378 3351 tre-100

405 3412 481 3481 tet]
499 3414 530 3465 ut
548 3410 576 3466 R
629 3410 810 3480 3poeuesF
879 3410 1010 3481 frontem]
1030 3413 1131 3468 sortsrn
1151 3411 1186 3465 ts·
1253 3412 1329 3482 quis]
1350 3409 1447 3481 quill
1457 3408 1518 3465 sad

369 3499 566 3570 lpercorrigis
584 3499 612 3552 A
684 3497 849 3553 bmirsculs
868 3499 946 3554 redd.
1018 3499 1115 3554 deum
1133 3499 1243 3554 mustus
1261 3499 1290 3554 A
1354 3491 1374 3553 ι7
1393 3496 1520 3568 blaspbe-

369 3591 546 3658 rnsmlreut
563 3587 594 3642 F
663 3588 729 3641 det
746 3595 814 3651 unte
831 3586 983 3658 Abdensgo
1002 3603 1054 3642 om.
1073 3587 1136 3643 ΜΔ
1207 3588 1277 3644 eut
1294 3604 1347 3643 our.
1365 3589 1395 3644 R
1464 3586 1521 3641 tsle

371 3677 476 3748 eliquid
494 3678 554 3732 edd.
648 3677 680 3730 ll
700 3676 779 3731 nobis
797 3677 854 3732 AB
946 3678 979 3732 14
1001 3677 1074 3746 regis
1096 3693 1165 3743 esse,
1183 3677 1216 3731 iss
1233 3693 1320 3748 marp.
1337 3680 1399 3732 ssi
1417 3674 1519 3746 edelr

372 3764 562 3838 Nsevrcflo
581 3764 995 3837 DONOlSORlOSTENlDIT
1009 3765 1037 3819 P
1048 3765 1122 3835 regis
1139 3764 1384 3820 uubuobodonosor
1402 3762 1523 3819 ostendit

373 3857 445 3927 regis
474 3871 532 3910 esse
555 3856 592 3909 M
621 3861 678 3923 (pr.
702 3854 775 3924 regis
796 3857 867 3908 Μ
890 3853 1050 3925 exregem)
1076 3852 1133 3908 ΓΑ
1160 3855 1233 3923 regis
1260 3851 1522 3908 nsbuehodounsor?

373 3944 495 4000 ostendit
513 3962 571 4001 esse
585 3943 613 3999 R
631 3944 705 4013 regis
724 3960 795 3997 esse:
815 3944 874 4012 regi
893 3942 1146 4000 Nabuchodonosor
1163 3941 1271 3997 ostendi
1291 3942 1360 4009 aes
1373 3942 1446 4011 regis
1463 3956 1523 3995 esse

373 4033 627 4090 Nabuchodonosor
647 4031 681 4086 ir
747 4034 779 4086 16
798 4032 911 4102 pluerit,
931 4048 1001 4087 corr.
1021 4035 1081 4085 m.1
1098 4031 1203 4103 pleonit
1219 4031 1248 4085 P
1315 4031 1348 4084 17
1368 4046 1449 4099 quum
1465 4046 1523 4083 rus·

375 4126 471 4194 gnum]
491 4131 535 4194 qm
554 4138 670 4192 magnus
688 4121 726 4175 M
804 4121 840 4175 22
858 4120 922 4175 inde
940 4121 1030 4175 lusere
1049 4120 1144 4183 uultis,
1163 4121 1250 4192 Nouis
1268 4135 1337 4173 corr.
1357 4118 1443 4172 uultis
1460 4116 1523 4172 inde

374 4213 464 4266 fecere
482 4211 519 4265 Μ
579 4211 614 4264 24
633 4210 732 4263 scitote
751 4207 825 4279 quod
843 4209 924 4280 prirni
942 4209 971 4263 P
986 4209 1047 4263 edd
1120 4209 1207 4280 primo
1226 4206 1263 4262 Μ
1317 4208 1353 4262 25
1372 4206 1523 4277 probemus,

375 4303 441 4354 Μ
460 4298 604 4368 probemus
623 4297 659 4350 Μ
1525 4283 1530 4293 ’
