3309 4867
559 449 826 541 epietul'arum
855 456 974 516 LXXlX,
1003 458 1106 512 LXXX.
1341 464 1405 527 347

261 651 361 716 adlrrrc
391 649 513 733 aliquot
539 649 607 715 dies
634 650 800 715 uobiscum
828 656 1070 731 remoraturum,
1092 656 1221 737 repente
1248 661 1420 738 compertu<

209 781 214 785 ⁴
262 757 427 823 occasione
449 755 570 841 nauigii
588 756 666 822 mihi
685 756 860 840 pridianam
881 775 970 822 suam
989 759 1214 842 profectionem
1233 760 1295 826 iarn
1317 762 1407 827 uoot'e

141 922 146 930 .
262 864 436 950 suggessit.
467 864 546 946 quid
577 863 725 943 lacerem,
759 883 833 929 cum
866 882 939 929 eum
971 870 1078 932 tencre
1111 886 1171 933 non
1203 887 1332 953 possem
1365 875 1407 947 et,

261 972 336 1055 quia
363 970 402 1036 ad
431 990 500 1049 noe,
529 988 602 1048 curn
630 971 747 1054 quibua
782 971 810 1035 ei
844 972 960 1037 melius
993 975 1089 1051 emet
1122 974 1319 1072 properabat.
1295 974 1418 1040 tuec'

227 1101 242 1141 ι
262 1097 289 1143 ιι
310 1097 456 1163 possem
474 1075 630 1143 deberem.
654 1076 816 1159 proinde
807 1095 909 1161 pauca
904 1055 1009 1143 haec
1030 1078 1106 1145 ilico
1126 1081 1242 1164 arripui
1262 1080 1408 1146 dictanda

261 1187 356 1267 alque
385 1183 540 1249 mittenda
566 1181 744 1267 prolixioris
772 1183 965 1268 epistulae
956 1203 1008 1249 me
1037 1185 1189 1252 confitens
1222 1187 1407 1263 debitorem

261 1308 334 1356 curn
355 1294 432 1373 post
451 1286 590 1356 reditum
613 1289 842 1356 uenerabilium
862 1282 996 1360 fratrum
1014 1295 1193 1358 poetromm
1214 1294 1406 1377 collegarum

260 1416 402 1464 meorum
434 1396 548 1462 Theaei
586 1400 618 1462 et
644 1387 746 1463 Euodi
779 1397 916 1481 primum
949 1398 1050 1462 uestri
1084 1417 1119 1463 cr
1150 1403 1239 1482 parte
1272 1399 1408 1467 satiatus

260 1503 359 1569 luero.
391 1503 520 1568 uberius
554 1503 636 1568 enim
670 1504 708 1569 ad
742 1522 800 1567 noe
832 1503 864 1567 in
893 1522 1000 1569 eorum
1024 1506 1212 1587 'pectoribus
1241 1510 1273 1572 et
1300 1506 1407 1572 oribus

214 1636 242 1675 m
260 1629 318 1676 noa
347 1630 417 1678 ease
446 1614 598 1678 uenturos
626 1611 689 1676 iem
718 1613 844 1694 iamque
872 1610 902 1675 iu
932 1608 1050 1677 Christi
1083 1612 1208 1678 nomine
1237 1617 1332 1698 atque
1356 1614 1422 1680 ad·'

260 1718 376 1784 intorio
409 1735 584 1801 aperimus.
621 1738 693 1783 cum
726 1718 804 1783 haec
836 1716 1057 1794 scriberemus,
1086 1722 1118 1785 et
1144 1739 1201 1811 per
1226 1721 1407 1786 unanimem

261 1823 361 1890 filium
386 1827 529 1904 noenum
553 1823 766 1916 Tagastensis,
787 1822 940 1890 ecclcsiae
967 1823 1188 1910 presbyterum
1210 1824 1408 1892 Fortunatia-

261 1951 335 1996 num
359 1931 493 2010 Romam
516 1931 741 2016 nauigaturum
764 1929 859 1995 aliam
883 1929 1056 2013 epistulam
1074 1933 1185 2013 paucio
1204 1935 1277 2023 anie
1296 1933 1412 1998 diebue

261 2038 322 2102 iam
348 2023 504 2104 dederam.
527 2056 610 2102 nunc
634 2057 720 2122 ergo,
744 2035 830 2121 quod
853 2037 951 2115 colec,
980 2054 1069 2120 rogo,
1097 2041 1144 2115 ut,
1172 2035 1258 2122 quod
1286 2038 1408 2104 eolctie.

216 2127 411 2210 refaciatist’
435 2143 531 2209 oretis
558 2162 615 2226 pro
648 2144 751 2238 rolris,
783 2145 821 2207 ut
853 2142 995 2207 uidear
1026 2141 1210 2210 dominus
1245 2143 1407 2212 humili·

262 2253 387 2315 talem
421 2253 599 2317 nostram
630 2255 672 2316 et
707 2250 887 2316 laborem
925 2255 1107 2315 nostrum
1145 2256 1183 2317 et
1221 2252 1410 2317 dimittar

139 2353 151 2370 ‘
263 2357 393 2422 omnia
415 2361 585 2439 peccata
614 2361 763 2423 nostra.

165 2551 168 2556 ,
193 2461 214 2522 2
307 2463 463 2546 Conloqui
486 2465 593 2528 autem
615 2464 782 2543 uobiscum
808 2463 885 2528 lalia
908 2464 1011 2546 cupio,
1032 2463 1060 2527 si
1079 2462 1262 2550 dignemini,
1280 2447 1407 2538 libreria,

170 2585 176 2591 ·
263 2570 369 2653 qualia
396 2569 543 2652 conloqui
570 2575 749 2653 poscemus,
778 2570 806 2633 si
835 2587 940 2635 coram
967 2569 1092 2648 uestris⁴
1112 2570 1260 2637 secribus
1283 2571 1407 2636 cdeeee

214 2703 244 2743 ro
261 2696 344 2744 mua.
376 2694 449 2741 ecce
477 2675 565 2752 illum
595 2675 880 2761 quaestiunculam,
914 2695 1007 2757 qnam
1040 2694 1140 2760 nuper
1170 2695 1407 2761 proposueram,

261 2786 422 2867 tarnqnam
448 2781 476 2848 ci
498 2801 647 2866 praesens
670 2782 828 2865 praesenti
852 2781 933 2847 inter
955 2780 1067 2847 dulces
1083 2783 1228 2866 loquelas
1247 2782 1406 2859 obderem,

261 2889 352 2970 plane
384 2887 564 2955 Christiano
595 2887 760 2954 intellectu
778 2890 826 2968 sot
859 2887 1027 2953 deuotione
1060 2887 1187 2954 coluisti
1219 2877 1276 2955 sed
1311 2889 1406 2955 nimis

262 2993 443 3061 cumim'et
472 2994 620 3070 breuiter.
658 2998 768 3077 posset
801 2994 917 3076 quippe
948 2993 993 3057 ibi
1027 2991 1188 3076 aliquanto
1221 2992 1343 3061 diutina
1375 2997 1409 3060 et

351 3259 383 3313 15
402 3256 448 3311 Po.
466 3257 510 3318 24
529 3254 563 3310 18

298 3380 432 3451 leliquo
451 3397 485 3433 m.
496 3382 515 3434 2
534 3380 639 3450 aliquot
656 3379 685 3434 P
702 3377 812 3447 aliquod
831 3317 861 3433 F
942 3381 1107 3433 moraturum
1121 3378 1259 3447 slror'
1309 3381 1405 3450 211ιο-

261 3468 367 3524 dianam
386 3467 441 3523 ΓΑ
512 3469 706 3539 professionem
724 3469 752 3523 P
818 3470 960 3537 Sporaem
980 3469 1007 3533 (e
1024 3481 1059 3522 ex
1076 3482 1145 3524 corr.
1164 3484 1198 3521 m.
1208 3468 1234 3537 1)
1252 3468 1280 3522 Ρ
1344 3468 1406 3523 lei

261 3574 310 3613 om.
329 3557 358 3613 R
377 3560 403 3613 ci
421 3560 443 3623 (i
461 3574 494 3613 ex
511 3563 581 3624 raa)
599 3557 627 3611 P
689 3557 798 3613 5illicc
817 3557 885 3611 haec
903 3555 963 3612 edd.
1018 3557 1136 3626 datque
1155 3556 1292 3618 mittenda
1309 3573 1360 3612 om.
1380 3552 1406 3610 A

296 3665 337 3702 me
355 3663 400 3702 om
426 3645 454 3701 P
550 3645 567 3700 8
585 3647 686 3702 theoeii
703 3648 784 3716 (corr.
803 3651 864 3699 ιιι.1
881 3643 1078 3709 theodosium
1096 3643 1185 3698 euodii
1204 3643 1242 3699 1²¹
1259 3645 1359 3700 chencii
1379 3651 1407 3699 et

256 3737 350 3805 ⁴enodii
368 3737 461 3792 Rom
478 3735 601 3790 Thermil
621 3743 648 3789 et
666 3734 767 3790 Euodii
784 3740 844 3789 ccli.
863 3727 923 3790 edd.
996 3732 1137 3787 uestraP¹
1187 3734 1405 3803 90ribue10ro·

260 3826 382 3882 tionibus
400 3825 461 3881 edd.
476 3831 623 3894 proclam
674 3826 707 3880 10
726 3826 779 3878 iam
793 3840 845 3879 orn.
860 3823 915 3880 FA
988 3826 1070 3894 atque
1089 3824 1114 3891 (t
1130 3821 1162 3876 in
1178 3840 1250 3884 raa:
1266 3824 1325 3891 suit
1337 3823 1366 3889 d)
1381 3823 1409 3877 P

261 3914 348 3986 adque
366 3914 397 3969 F
459 3915 488 3969 ll
510 3914 689 3969 scriberemm
762 3914 844 3968 etiam
862 3911 901 3965 Ρ1
919 3911 979 3968 edd.
1053 3911 1218 3967 unianimam
1236 3912 1265 3967 P
1328 3913 1407 3967 12...

261 4009 301 4068 (te
319 4007 401 4074 erm.)
420 4003 604 4074 thegaeceneie
622 4002 649 4057 P
699 4004 732 4057 13
751 4002 832 4056 aliurn
853 4006 936 4070 (poet.
957 4001 1092 4055 cieras.
1110 4006 1180 4066 orl)
1198 3999 1229 4053 F
1277 4000 1409 4055 reno?

296 4091 458 4158 remcort.
477 4091 680 4147 mldominue
699 4091 729 4146 F
744 4091 810 4145 dene
829 4089 894 4145 P¹R
912 4089 972 4144 edd.
1038 4090 1070 4144 17
1090 4106 1172 4160 pecca
1189 4089 1220 4143 F
1263 4089 1297 4144 18
1315 4087 1406 4143 nobie·

261 4196 320 4235 cnm
340 4181 366 4235 P
444 4182 468 4235 ai
487 4179 637 4250 dignemini
653 4181 755 4236 litteris
774 4179 843 4233 talia
861 4179 939 4248 cupio
958 4178 993 4232 P¹
1075 4178 1151 4249 copio
1170 4180 1197 4232 Δ
1269 4179 1293 4231 ei
1312 4195 1362 4231 om.
1381 4176 1409 4231 P

261 4268 296 4325 20
315 4269 545 4338 quenti-nuculam
565 4273 594 4334 (a
611 4285 644 4324 ee
662 4286 731 4324 corr.
750 4274 822 4328 nul)
840 4268 869 4322 P
937 4268 970 4322 21
991 4266 1015 4320 ei
1033 4283 1084 4322 om.
1103 4267 1131 4321 P
1205 4267 1239 4322 23
1259 4266 1356 4321 cursim
1374 4283 1408 4321 ex

261 4376 326 4420 rue..
339 4359 402 4427 sarit
420 4374 525 4414 cursum
545 4357 575 4411 F
643 4358 681 4413 ibi
699 4373 752 4413 om.
771 4357 863 4411 FAP¹
883 4356 925 4422 (ior
942 4357 999 4424 fine
1016 4361 1056 4421 ιι.)
