3309 4867
254 397 322 475 696'
616 406 642 461 s,
670 408 808 462 sursus
837 372 1054 478 dignationi

236 605 430 686 conquirat,
455 623 510 670 eos
539 608 646 670 sotem
674 605 761 671 solos
786 624 823 670 er
850 603 1016 671 ueteribus
1045 608 1170 689 praeter
1193 604 1407 680 Christianum

256 730 369 776 nomen
397 712 429 776 iu
458 711 690 778 conuenticulis
718 712 787 777 suis
815 710 976 804 aliquanto
1003 711 1201 795 nequentius
1228 711 1407 795 perdurare.

255 819 310 901 qui
340 818 513 902 scripturas
538 838 592 883 eas
621 822 739 898 tenent,
769 838 827 904 per
849 837 929 902 quas
957 817 1179 892 adnuntiatum
1203 836 1275 884 esse
1301 818 1408 902 ipsum

255 924 419 991 dominnm
438 924 546 990 Iesum
567 923 730 990 Christum
754 943 789 990 se
811 924 998 1010 intellegere
1016 926 1051 989 et
1067 922 1176 990 uidere
1195 923 1408 989 dissimulant

256 1049 348 1114 porro
367 1031 425 1105 illl,
447 1030 513 1115 qni,
534 1039 606 1096 c'urn
625 1031 657 1095 in
677 1031 800 1096 unitate
819 1034 916 1114 atque
932 1030 1153 1096 commuuione
1169 1030 1327 1095 catholiea
1344 1048 1406 1095 uon
1439 1048 1453 1088 s

256 1139 330 1213 sint,
355 1136 534 1204 Christiano
563 1141 668 1203 tamen
696 1138 824 1203 nomine
854 1138 1041 1223 gloriantur,
1065 1138 1225 1222 coguntur
1247 1130 1406 1205 aduersari

170 1311 172 1314 ,
255 1245 459 1312 credentibus
478 1249 512 1310 et
530 1244 648 1310 audent
664 1243 819 1328 inperitos
839 1244 931 1328 qnasi
950 1245 1070 1308 ratione
1089 1242 1265 1318 traducere,
1285 1242 1407 1326 quando

255 1351 391 1416 menime
410 1369 484 1417 eum
506 1351 571 1416 ista
593 1350 750 1416 medicina
774 1350 923 1416 dominus
947 1350 1080 1427 uenerit,
1104 1349 1142 1416 ut
1163 1349 1259 1415 fidem
1281 1349 1408 1433 populis

255 1457 434 1542 imperaret.
467 1456 524 1523 sed
551 1457 612 1524 hoe
638 1441 941 1542 iacere-eoguntur,
976 1459 1014 1521 ut
1041 1456 1114 1536 dixi,
1143 1457 1218 1539 qnia
1245 1456 1346 1520 iacere
1374 1474 1408 1519 se

257 1563 471 1632 abiectissime
508 1564 662 1649 sentiunt,
701 1564 729 1628 si
761 1582 871 1629 eorum
909 1563 1083 1628 auctoritas
1115 1581 1188 1628 cum
1222 1562 1409 1638 anctoritate
1427 1582 1454 1622 ιο

257 1669 415 1735 catholica
433 1670 623 1739 conteratur.
646 1674 801 1735 conantur
823 1684 897 1753 ergo
921 1669 1144 1735 auctoritatem
1169 1668 1408 1736 stabilissimam

256 1775 497 1842 fundatissimae
520 1775 675 1842 ecclesiae
698 1776 791 1858 qussi
813 1775 946 1842 rationis
969 1774 1096 1840 nomine
1119 1780 1152 1840 et
1178 1773 1408 1857 pollicitatione

257 1901 416 1966 superare.
441 1882 584 1948 omnium
606 1882 692 1947 enim
719 1883 951 1948 haereticorum
976 1880 1068 1963 quasi
1095 1879 1250 1966 regularis
1274 1882 1325 1946 est
1347 1879 1410 1944 ista

256 1989 430 2056 temeritas.
458 1989 516 2055 sed
541 1989 597 2053 ille
616 1974 693 2053 ¹tidei
717 1988 986 2054 clementissimus
1009 1985 1182 2069 imperator
1205 1991 1238 2052 et
1260 2005 1316 2069 per
1338 2004 1409 2051 oon-

258 2098 373 2161 uentus
398 2094 622 2161 celeberrimos
641 2095 832 2187 populorum
857 2098 953 2178 atque
977 2094 1121 2179 gentium
1144 2092 1299 2177 sedesque
1321 2093 1408 2177 ipsas
1428 2111 1455 2152 ne

259 2202 476 2284 apostolorum
504 2220 576 2267 arce
603 2201 803 2290 auctoritatis
831 2202 973 2267 muniuit
999 2200 1168 2266 ecclesiam
1191 2202 1225 2265 et
1250 2217 1309 2282 per
1334 2218 1410 2282 pau·

264 2308 360 2378 (teres
383 2308 434 2392 pie
457 2307 570 2373 doctos
594 2311 627 2372 et
653 2327 727 2374 uere
756 2307 915 2392 spiritales
943 2307 1031 2374 uiros
1055 2305 1288 2393 copiosissimis
1315 2323 1409 2389 appa-

264 2405 381 2478 ratltus
402 2415 497 2480 etiam
522 2413 753 2481 inuictissimae
772 2415 903 2482 rationis
923 2414 1069 2479 armauit
1095 2432 1206 2478 uerum
1227 2413 1285 2477 illa
1300 2412 1410 2478 rectis·

266 2513 347 2577 Bima
378 2520 547 2604 disciplina
584 2526 633 2586 est
673 2522 706 2587 in
748 2540 853 2586 arcem
895 2520 968 2585 fidei
1006 2540 1101 2603 quarn
1139 2520 1277 2584 marimo
1313 2517 1411 2600 recipi

266 2617 416 2696 infirmos,
441 2633 477 2691 ut
504 2647 559 2710 pro
588 2627 635 2694 eis
663 2628 726 2693 inm
750 2628 919 2694 tutissime
946 2626 1061 2711 positis
1085 2626 1265 2692 fortissima
1291 2626 1459 2698 rationem

266 2728 434 2810 pugnetur.
552 2739 555 2744 ’
802 2810 804 2814 Ι

216 2826 260 2889 33
311 2832 466 2898 Plailssissi
499 2853 583 2917 uuo,
608 2840 666 2928 qni
694 2834 848 2911 falsorum
877 2831 1140 2925 philosophorum
1170 2838 1328 2904 erroribus
1355 2837 1412 2902 illo

268 2936 408 3019 tempore
438 2939 747 3034 circumtonantibus
779 2967 842 3014 non
874 2948 1028 3012 habentes
1060 2945 1202 3010 diuinam
1234 2963 1413 3028 personam,

270 3055 330 3118 (113
361 3041 552 3126 imperarent
583 3049 684 3128 tidem,
718 3055 909 3121 senteutiam
941 3046 1033 3118 duam
1065 3055 1175 3135 tegere
1202 3043 1411 3134 quderendanr

306 3229 488 3300 letoquirat
507 3237 924 3314 m.1euprale0nquirnntR
997 3244 1071 3298 solus
1089 3243 1126 3298 M
1214 3243 1303 3312 sque
1321 3240 1411 3294 uenti·

269 3317 344 3380 culis,
363 3323 426 3376 md
444 3325 642 3378 conuenticulis
659 3326 697 3378 M
714 3334 981 3389 emneutinnculism
1053 3330 1198 3402 aliqnando
1214 3330 1275 3384 MA
1328 3332 1346 3383 4
1365 3327 1412 3383 do·

267 3404 381 3477 minum]
402 3407 538 3466 dominum
556 3417 677 3468 nostrum
696 3414 725 3470 R
789 3423 891 3490 dsunt
908 3422 945 3477 M
1011 3421 1149 3475 laudent
1165 3420 1299 3488 imperitis
1317 3419 1344 3472 A
1358 3434 1411 3471 *su-

269 3490 377 3549 dentem
394 3497 497 3566 peritos
516 3500 554 3553 M
570 3500 724 3566 audientem
744 3505 863 3580 peritios,
883 3516 1048 3579 m.1eapra
1066 3509 1154 3563 Aliter
1172 3507 1286 3562 audient
1302 3505 1411 3576 imperi·

268 3585 311 3633 tos
329 3579 358 3634 R
418 3585 614 3645 sudemus
673 3594 783 3662 liquis,
802 3599 965 3666 munem
983 3599 997 3652 l
1015 3596 1107 3668 qnilt
1164 3597 1198 3651 10
1216 3595 1412 3649 abiectissimes

267 3670 348 3736 (sict)
371 3669 375 3728 l
395 3674 517 3728 sentiunt
534 3675 570 3734 M
587 3678 784 3737 abiectissimos
804 3684 929 3740 sentiunt
944 3689 971 3739 A
1023 3689 1061 3741 >12
1079 3685 1249 3750 fundissime,
1268 3688 1333 3738 nost
1350 3683 1411 3737 fun·

267 3755 409 3812 datissime
426 3760 463 3814 M
533 3763 660 3824 ecclesiae
680 3772 756 3841 quasi
776 3772 890 3825 rationis
908 3773 1017 3830 hondne
1036 3779 1065 3828 et
1081 3774 1281 3845 pollicitatione
1298 3772 1335 3826 M
1351 3788 1412 3826 sec·

267 3846 366 3900 clasiae
385 3849 464 3917 qnasi
481 3852 595 3907 rationis
613 3869 690 3916 osone
706 3860 947 3928 etpollicitatione
961 3865 987 3914 A
1001 3863 1148 3918 aecclesiae
1166 3860 1270 3916 vAliter
1290 3859 1413 3915 Rationis

267 3935 375 3989 nomine
395 3943 424 3990 et
442 3937 646 4007 pollicitatione.
666 3945 742 4015 quasi
761 3947 876 4001 rationis
891 3948 1024 4004 hnmanae
1037 3950 1236 4022 pollicitatione
1247 3949 1275 4003 R
1313 3950 1346 4004 13
1359 3950 1414 4002 ista

266 4037 318 4076 om.
339 4025 365 4077 A
435 4025 467 4078 14
486 4027 634 4097 imperator
652 4034 878 4090 clementissimus
896 4037 957 4092 edd.
1026 4040 1059 4093 15
1078 4038 1268 4094 celeberrimus
1285 4038 1321 4091 M
1339 4039 1414 4098 (ssd

267 4111 534 4180 celeberrimoslA'
604 4120 637 4171 16
655 4124 713 4172 arte
732 4120 767 4175 P¹
789 4126 865 4183 im.2
883 4130 955 4192 arce)
979 4125 1006 4179 l'
1021 4130 1101 4192 (eon.
1122 4133 1192 4188 meet
1270 4126 1369 4180 minuit
1386 4124 1413 4176 A

269 4199 300 4251 17
321 4200 431 4253 edoctos
445 4202 514 4255 P'V
585 4204 817 4274 cupiosissirnisA
870 4215 903 4269 19
921 4217 1017 4277 emm,
1035 4217 1101 4270 sna
1118 4230 1206 4278 arcem
1221 4212 1416 4268 P¹arcte1nV

265 4287 298 4339 21
320 4293 486 4356 repugnetur
503 4291 531 4344 R
