<?xml version="1.0" encoding="UTF-8"?>
<!DOCTYPE html PUBLIC "-//W3C//DTD XHTML 1.0 Transitional//EN"
    "http://www.w3.org/TR/xhtml1/DTD/xhtml1-transitional.dtd">
<html xmlns="http://www.w3.org/1999/xhtml" xml:lang="en" lang="en">
 <head>
  <title>
</title>
<meta http-equiv="Content-Type" content="text/html;charset=utf-8" />
  <meta name='ocr-system' content='tesseract 3.04.00' />
  <meta name='ocr-capabilities' content='ocr_page ocr_carea ocr_par ocr_line ocrx_word'/>
</head>
<body>
  <div class='ocr_page' id='page_1' title='image "./savreliavgvstin00goldgoog_0699.png"; bbox 0 0 3309 4867; ppageno 0'>
   <div class='ocr_carea' id='block_1_1' title="bbox 600 404 1487 513">
    <p class='ocr_par' dir='ltr' id='par_1_1' title="bbox 600 404 1487 513">
     <span class='ocr_line' id='line_1_1' title="bbox 600 404 1487 513; baseline 0.01 -22"><span class='ocrx_word' id='word_1_1' title='bbox 600 437 867 507; x_wconf 75' lang='lat' dir='ltr'>epistularum</span> <span class='ocrx_word' id='word_1_2' title='bbox 894 434 1018 491; x_wconf 81' lang='lat' dir='ltr'><strong>CXVIII.</strong></span> <span class='ocrx_word' id='word_1_3' title='bbox 1317 404 1381 513; x_wconf 58' lang='grc' dir='ltr'>6ὲῦ</span> <span class='ocrx_word' id='word_1_4' title='bbox 1484 423 1487 428; x_wconf 71' lang='lat'>‚</span> 
     </span>
    </p>
   </div>
   <div class='ocr_carea' id='block_1_2' title="bbox 141 628 1384 1352">
    <p class='ocr_par' dir='ltr' id='par_1_2' title="bbox 141 628 1384 1033">
     <span class='ocr_line' id='line_1_2' title="bbox 141 628 1384 715; baseline 0.004 -25"><span class='ocrx_word' id='word_1_5' title='bbox 141 628 184 692; x_wconf 89' lang='grc'>16</span> <span class='ocrx_word' id='word_1_6' title='bbox 274 631 361 697; x_wconf 85' lang='lat' dir='ltr'>Inter</span> <span class='ocrx_word' id='word_1_7' title='bbox 379 650 434 696; x_wconf 88' lang='lat' dir='ltr'>eos</span> <span class='ocrx_word' id='word_1_8' title='bbox 457 634 576 710; x_wconf 85' lang='lat' dir='ltr'>nutem,</span> <span class='ocrx_word' id='word_1_9' title='bbox 601 632 656 715; x_wconf 88' lang='lat' dir='ltr'>qui</span> <span class='ocrx_word' id='word_1_10' title='bbox 678 631 847 697; x_wconf 86' lang='lat' dir='ltr'>fruendum</span> <span class='ocrx_word' id='word_1_11' title='bbox 866 630 936 709; x_wconf 92' lang='lat' dir='ltr'>deo,</span> <span class='ocrx_word' id='word_1_12' title='bbox 960 648 1061 714; x_wconf 86' lang='lat' dir='ltr'>aquo</span> <span class='ocrx_word' id='word_1_13' title='bbox 1085 633 1120 695; x_wconf 89' lang='lat' dir='ltr'>et</span> <span class='ocrx_word' id='word_1_14' title='bbox 1140 648 1198 696; x_wconf 89' lang='lat' dir='ltr'>nes</span> <span class='ocrx_word' id='word_1_15' title='bbox 1222 635 1255 696; x_wconf 90' lang='lat' dir='ltr'>et</span> <span class='ocrx_word' id='word_1_16' title='bbox 1277 632 1384 697; x_wconf 89' lang='lat' dir='ltr'>omnia</span> 
     </span>
     <span class='ocr_line' id='line_1_3' title="bbox 230 736 1383 821; baseline 0.001 -19"><span class='ocrx_word' id='word_1_17' title='bbox 230 738 316 803; x_wconf 80' lang='lat' dir='ltr'>faeta</span> <span class='ocrx_word' id='word_1_18' title='bbox 329 739 434 815; x_wconf 75' lang='lat' dir='ltr'>sunt,</span> <span class='ocrx_word' id='word_1_19' title='bbox 446 757 547 803; x_wconf 91' lang='lat' dir='ltr'>unum</span> <span class='ocrx_word' id='word_1_20' title='bbox 565 741 661 821; x_wconf 86' lang='lat' dir='ltr'>utque</span> <span class='ocrx_word' id='word_1_21' title='bbox 685 756 848 803; x_wconf 88' lang='lat' dir='ltr'>summum</span> <span class='ocrx_word' id='word_1_22' title='bbox 871 737 990 803; x_wconf 90' lang='lat' dir='ltr'>bonum</span> <span class='ocrx_word' id='word_1_23' title='bbox 1006 739 1154 802; x_wconf 86' lang='lat' dir='ltr'>nostrum</span> <span class='ocrx_word' id='word_1_24' title='bbox 1173 757 1243 803; x_wconf 88' lang='lat' dir='ltr'>csse</span> <span class='ocrx_word' id='word_1_25' title='bbox 1262 736 1383 816; x_wconf 88' lang='lat' dir='ltr'>dicunt,</span> 
     </span>
     <span class='ocr_line' id='line_1_4' title="bbox 232 841 1383 927; baseline 0 -19"><span class='ocrx_word' id='word_1_26' title='bbox 232 844 315 927; x_wconf 89' lang='lat' dir='ltr'>apud</span> <span class='ocrx_word' id='word_1_27' title='bbox 336 843 411 910; x_wconf 90' lang='lat' dir='ltr'>illos</span> <span class='ocrx_word' id='word_1_28' title='bbox 431 843 632 909; x_wconf 88' lang='lat' dir='ltr'>eminuerunt</span> <span class='ocrx_word' id='word_1_29' title='bbox 649 843 817 920; x_wconf 77' lang='lat' dir='ltr'>Platonici,</span> <span class='ocrx_word' id='word_1_30' title='bbox 843 843 982 927; x_wconf 85' lang='lat' dir='ltr'>quinon</span> <span class='ocrx_word' id='word_1_31' title='bbox 1006 842 1155 909; x_wconf 76' lang='lat' dir='ltr'>inmerito</span> <span class='ocrx_word' id='word_1_32' title='bbox 1179 841 1218 908; x_wconf 87' lang='lat' dir='ltr'>ad</span> <span class='ocrx_word' id='word_1_33' title='bbox 1242 842 1383 909; x_wconf 86' lang='lat' dir='ltr'>officinm</span> 
     </span>
     <span class='ocr_line' id='line_1_5' title="bbox 232 948 1384 1033; baseline -0.002 -18"><span class='ocrx_word' id='word_1_34' title='bbox 232 969 324 1016; x_wconf 89' lang='lat' dir='ltr'>sunm</span> <span class='ocrx_word' id='word_1_35' title='bbox 354 950 511 1033; x_wconf 81' lang='lat' dir='ltr'>pertinere</span> <span class='ocrx_word' id='word_1_36' title='bbox 535 949 677 1016; x_wconf 88' lang='lat' dir='ltr'>arbitrati</span> <span class='ocrx_word' id='word_1_37' title='bbox 705 953 782 1015; x_wconf 88' lang='lat' dir='ltr'>sunt</span> <span class='ocrx_word' id='word_1_38' title='bbox 802 949 923 1015; x_wconf 84' lang='lat' dir='ltr'>Stoicis</span> <span class='ocrx_word' id='word_1_39' title='bbox 948 953 981 1014; x_wconf 90' lang='lat' dir='ltr'>et</span> <span class='ocrx_word' id='word_1_40' title='bbox 1001 948 1171 1031; x_wconf 78' lang='lat' dir='ltr'>Epicureis</span> <span class='ocrx_word' id='word_1_41' title='bbox 1193 949 1328 1015; x_wconf 83' lang='lat' dir='ltr'>maxime</span> <span class='ocrx_word' id='word_1_42' title='bbox 1352 953 1384 1015; x_wconf 90' lang='lat' dir='ltr'>et</span> 
     </span>
    </p>

    <p class='ocr_par' dir='ltr' id='par_1_3' title="bbox 199 1055 1384 1352">
     <span class='ocr_line' id='line_1_6' title="bbox 199 1055 1383 1140; baseline -0.001 -20"><span class='ocrx_word' id='word_1_43' title='bbox 199 1074 328 1140; x_wconf 79' lang='lat' dir='ltr'>sprope</span> <span class='ocrx_word' id='word_1_44' title='bbox 365 1056 444 1122; x_wconf 88' lang='lat' dir='ltr'>solis</span> <span class='ocrx_word' id='word_1_45' title='bbox 481 1056 608 1122; x_wconf 90' lang='lat' dir='ltr'>omnino</span> <span class='ocrx_word' id='word_1_46' title='bbox 645 1055 803 1123; x_wconf 88' lang='lat' dir='ltr'>resistere.</span> <span class='ocrx_word' id='word_1_47' title='bbox 841 1056 926 1122; x_wconf 90' lang='lat' dir='ltr'>idem</span> <span class='ocrx_word' id='word_1_48' title='bbox 964 1055 1081 1140; x_wconf 81' lang='lat' dir='ltr'>quippe</span> <span class='ocrx_word' id='word_1_49' title='bbox 1113 1055 1296 1121; x_wconf 77' lang='lat' dir='ltr'>Academici</span> <span class='ocrx_word' id='word_1_50' title='bbox 1328 1055 1383 1139; x_wconf 91' lang='lat' dir='ltr'>qui</span> 
     </span>
     <span class='ocr_line' id='line_1_7' title="bbox 232 1161 1383 1246; baseline 0 -19"><span class='ocrx_word' id='word_1_51' title='bbox 232 1161 400 1241; x_wconf 84' lang='lat' dir='ltr'>Platonici,</span> <span class='ocrx_word' id='word_1_52' title='bbox 437 1162 523 1245; x_wconf 90' lang='lat' dir='ltr'>quod</span> <span class='ocrx_word' id='word_1_53' title='bbox 555 1162 648 1228; x_wconf 90' lang='lat' dir='ltr'>docet</span> <span class='ocrx_word' id='word_1_54' title='bbox 682 1162 865 1228; x_wconf 90' lang='lat' dir='ltr'>auditorum</span> <span class='ocrx_word' id='word_1_55' title='bbox 902 1162 974 1246; x_wconf 83' lang='lat' dir='ltr'>ipsa</span> <span class='ocrx_word' id='word_1_56' title='bbox 1011 1161 1184 1228; x_wconf 85' lang='lat' dir='ltr'>successio.</span> <span class='ocrx_word' id='word_1_57' title='bbox 1225 1161 1383 1228; x_wconf 76' lang='lat' dir='ltr'>Arcesilas</span> 
     </span>
     <span class='ocr_line' id='line_1_8' title="bbox 233 1267 1384 1352; baseline -0.002 -19"><span class='ocrx_word' id='word_1_58' title='bbox 233 1268 328 1345; x_wconf 89' lang='lat' dir='ltr'>enim,</span> <span class='ocrx_word' id='word_1_59' title='bbox 361 1268 416 1352; x_wconf 87' lang='lat' dir='ltr'>qni</span> <span class='ocrx_word' id='word_1_60' title='bbox 446 1268 570 1351; x_wconf 85' lang='lat' dir='ltr'>primus</span> <span class='ocrx_word' id='word_1_61' title='bbox 602 1267 763 1335; x_wconf 90' lang='lat' dir='ltr'>occultata</span> <span class='ocrx_word' id='word_1_62' title='bbox 794 1268 953 1333; x_wconf 77' lang='lat' dir='ltr'>sentmtia</span> <span class='ocrx_word' id='word_1_63' title='bbox 986 1286 1043 1332; x_wconf 87' lang='lat' dir='ltr'>sna</span> <span class='ocrx_word' id='word_1_64' title='bbox 1074 1267 1155 1333; x_wconf 89' lang='lat' dir='ltr'>nihil</span> <span class='ocrx_word' id='word_1_65' title='bbox 1187 1267 1271 1334; x_wconf 88' lang='lat' dir='ltr'>alind</span> <span class='ocrx_word' id='word_1_66' title='bbox 1302 1267 1384 1334; x_wconf 86' lang='lat' dir='ltr'>istos</span> 
     </span>
    </p>
   </div>
   <div class='ocr_carea' id='block_1_3' title="bbox 205 1372 1501 1567">
    <p class='ocr_par' dir='ltr' id='par_1_4' title="bbox 205 1372 1501 1567">
     <span class='ocr_line' id='line_1_9' title="bbox 233 1372 1489 1459; baseline -0.004 -17"><span class='ocrx_word' id='word_1_67' title='bbox 233 1395 326 1459; x_wconf 84' lang='lat' dir='ltr'>quam</span> <span class='ocrx_word' id='word_1_68' title='bbox 358 1375 503 1440; x_wconf 83' lang='lat' dir='ltr'>refellere</span> <span class='ocrx_word' id='word_1_69' title='bbox 540 1375 665 1451; x_wconf 77' lang='lat' dir='ltr'>statuit,</span> <span class='ocrx_word' id='word_1_70' title='bbox 698 1392 823 1457; x_wconf 87' lang='lat' dir='ltr'>quaere,</span> <span class='ocrx_word' id='word_1_71' title='bbox 857 1374 909 1439; x_wconf 90' lang='lat' dir='ltr'>cui</span> <span class='ocrx_word' id='word_1_72' title='bbox 942 1374 1149 1440; x_wconf 83' lang='lat' dir='ltr'>successerit:</span> <span class='ocrx_word' id='word_1_73' title='bbox 1181 1372 1382 1440; x_wconf 86' lang='lat' dir='ltr'>Polemonem</span> <span class='ocrx_word' id='word_1_74' title='bbox 1484 1399 1489 1416; x_wconf 52' lang='lat' dir='ltr'>r</span> 
     </span>
     <span class='ocr_line' id='line_1_10' title="bbox 205 1479 1501 1567; baseline -0.001 -21"><span class='ocrx_word' id='word_1_75' title='bbox 205 1481 391 1567; x_wconf 69' lang='lat' dir='ltr'>inueniam</span> <span class='ocrx_word' id='word_1_76' title='bbox 419 1499 544 1566; x_wconf 86' lang='lat' dir='ltr'>quaere,</span> <span class='ocrx_word' id='word_1_77' title='bbox 573 1481 625 1547; x_wconf 88' lang='lat' dir='ltr'>oui</span> <span class='ocrx_word' id='word_1_78' title='bbox 647 1481 815 1546; x_wconf 86' lang='lat' dir='ltr'>Polemon:</span> <span class='ocrx_word' id='word_1_79' title='bbox 838 1480 1051 1555; x_wconf 72' lang='lat' dir='ltr'>Xenocratem</span> <span class='ocrx_word' id='word_1_80' title='bbox 1079 1479 1249 1545; x_wconf 86' lang='lat' dir='ltr'>Xenocrati</span> <span class='ocrx_word' id='word_1_81' title='bbox 1276 1484 1384 1545; x_wconf 83' lang='lat' dir='ltr'>autem</span> <span class='ocrx_word' id='word_1_82' title='bbox 1498 1487 1501 1494; x_wconf 82' lang='grc'><em>’</em></span> 
     </span>
    </p>
   </div>
   <div class='ocr_carea' id='block_1_4' title="bbox 137 1585 1386 2736">
    <p class='ocr_par' dir='ltr' id='par_1_5' title="bbox 188 1585 1386 2414">
     <span class='ocr_line' id='line_1_11' title="bbox 188 1585 1381 1673; baseline -0.001 -22"><span class='ocrx_word' id='word_1_83' title='bbox 188 1612 214 1651; x_wconf 79' lang='lat' dir='ltr'>ro</span> <span class='ocrx_word' id='word_1_84' title='bbox 233 1588 390 1673; x_wconf 85' lang='lat' dir='ltr'>discipulo</span> <span class='ocrx_word' id='word_1_85' title='bbox 414 1587 629 1665; x_wconf 82' lang='lat' dir='ltr'>Academiam,</span> <span class='ocrx_word' id='word_1_86' title='bbox 654 1586 797 1652; x_wconf 87' lang='lat' dir='ltr'>scholam</span> <span class='ocrx_word' id='word_1_87' title='bbox 819 1605 923 1662; x_wconf 84' lang='lat' dir='ltr'>snam,</span> <span class='ocrx_word' id='word_1_88' title='bbox 946 1585 1078 1669; x_wconf 82' lang='lat' dir='ltr'>reliquit</span> <span class='ocrx_word' id='word_1_89' title='bbox 1100 1585 1202 1651; x_wconf 88' lang='lat' dir='ltr'>Plato.</span> <span class='ocrx_word' id='word_1_90' title='bbox 1228 1591 1381 1668; x_wconf 89' lang='lat' dir='ltr'>quantum</span> 
     </span>
     <span class='ocr_line' id='line_1_12' title="bbox 232 1691 1383 1777; baseline -0.001 -20"><span class='ocrx_word' id='word_1_91' title='bbox 232 1694 333 1777; x_wconf 80' lang='lat' dir='ltr'>igitur</span> <span class='ocrx_word' id='word_1_92' title='bbox 369 1693 507 1776; x_wconf 87' lang='lat' dir='ltr'>pertinet</span> <span class='ocrx_word' id='word_1_93' title='bbox 543 1693 581 1758; x_wconf 88' lang='lat' dir='ltr'>ad</span> <span class='ocrx_word' id='word_1_94' title='bbox 618 1692 838 1777; x_wconf 86' lang='lat' dir='ltr'>quaestionem</span> <span class='ocrx_word' id='word_1_95' title='bbox 876 1691 915 1757; x_wconf 92' lang='lat' dir='ltr'>de</span> <span class='ocrx_word' id='word_1_96' title='bbox 952 1710 1077 1756; x_wconf 90' lang='lat' dir='ltr'>summo</span> <span class='ocrx_word' id='word_1_97' title='bbox 1096 1699 1099 1704; x_wconf 83' lang='lat'>&#39;</span> <span class='ocrx_word' id='word_1_98' title='bbox 1115 1692 1254 1756; x_wconf 91' lang='lat' dir='ltr'>hominis</span> <span class='ocrx_word' id='word_1_99' title='bbox 1290 1691 1383 1769; x_wconf 90' lang='lat' dir='ltr'>bono,</span> 
     </span>
     <span class='ocr_line' id='line_1_13' title="bbox 232 1797 1384 1885; baseline -0.002 -20"><span class='ocrx_word' id='word_1_100' title='bbox 232 1815 362 1866; x_wconf 87' lang='lat' dir='ltr'>remoue</span> <span class='ocrx_word' id='word_1_101' title='bbox 388 1807 539 1885; x_wconf 81' lang='lat' dir='ltr'>personas</span> <span class='ocrx_word' id='word_1_102' title='bbox 570 1799 736 1878; x_wconf 85' lang='lat' dir='ltr'>hominum</span> <span class='ocrx_word' id='word_1_103' title='bbox 764 1803 860 1883; x_wconf 88' lang='lat' dir='ltr'>atque</span> <span class='ocrx_word' id='word_1_104' title='bbox 892 1799 996 1882; x_wconf 88' lang='lat' dir='ltr'>ipsam</span> <span class='ocrx_word' id='word_1_105' title='bbox 1024 1797 1285 1885; x_wconf 76' lang='lat' dir='ltr'>disceptationem</span> <span class='ocrx_word' id='word_1_106' title='bbox 1313 1816 1384 1863; x_wconf 89' lang='lat' dir='ltr'>con-</span> 
     </span>
     <span class='ocr_line' id='line_1_14' title="bbox 234 1899 1385 1991; baseline -0.003 -19"><span class='ocrx_word' id='word_1_107' title='bbox 234 1906 347 1973; x_wconf 87' lang='lat' dir='ltr'>stitue:</span> <span class='ocrx_word' id='word_1_108' title='bbox 374 1907 516 1989; x_wconf 81' lang='lat' dir='ltr'>proiecto</span> <span class='ocrx_word' id='word_1_109' title='bbox 538 1906 676 1991; x_wconf 84' lang='lat' dir='ltr'>reperies</span> <span class='ocrx_word' id='word_1_110' title='bbox 700 1904 781 1971; x_wconf 91' lang='lat' dir='ltr'>dnos</span> <span class='ocrx_word' id='word_1_111' title='bbox 805 1899 926 1971; x_wconf 82' lang='lat' dir='ltr'>errores</span> <span class='ocrx_word' id='word_1_112' title='bbox 948 1905 1033 1981; x_wconf 86' lang='lat' dir='ltr'>inter</span> <span class='ocrx_word' id='word_1_113' title='bbox 1059 1923 1094 1969; x_wconf 89' lang='lat' dir='ltr'>se</span> <span class='ocrx_word' id='word_1_114' title='bbox 1123 1904 1256 1970; x_wconf 88' lang='lat' dir='ltr'>aduersa</span> <span class='ocrx_word' id='word_1_115' title='bbox 1283 1903 1385 1970; x_wconf 85' lang='lat' dir='ltr'>fronte</span> 
     </span>
     <span class='ocr_line' id='line_1_15' title="bbox 234 2009 1385 2095; baseline -0.003 -17"><span class='ocrx_word' id='word_1_116' title='bbox 234 2014 363 2090; x_wconf 89' lang='lat' dir='ltr'>conlidi,</span> <span class='ocrx_word' id='word_1_117' title='bbox 393 2032 495 2079; x_wconf 89' lang='lat' dir='ltr'>uuum</span> <span class='ocrx_word' id='word_1_118' title='bbox 517 2013 765 2082; x_wconf 79' lang='lat' dir='ltr'>constituentem</span> <span class='ocrx_word' id='word_1_119' title='bbox 788 2011 819 2076; x_wconf 92' lang='lat' dir='ltr'>in</span> <span class='ocrx_word' id='word_1_120' title='bbox 845 2029 975 2095; x_wconf 86' lang='lat' dir='ltr'>corpore</span> <span class='ocrx_word' id='word_1_121' title='bbox 1009 2009 1107 2074; x_wconf 82' lang='lat' dir='ltr'>alium</span> <span class='ocrx_word' id='word_1_122' title='bbox 1137 2010 1385 2076; x_wconf 85' lang='lat' dir='ltr'>constituentem</span> 
     </span>
     <span class='ocr_line' id='line_1_16' title="bbox 188 2115 1386 2200; baseline -0.007 -12"><span class='ocrx_word' id='word_1_123' title='bbox 188 2145 215 2188; x_wconf 80' lang='lat' dir='ltr'>rs</span> <span class='ocrx_word' id='word_1_124' title='bbox 233 2118 266 2183; x_wconf 92' lang='lat' dir='ltr'>in</span> <span class='ocrx_word' id='word_1_125' title='bbox 299 2121 403 2185; x_wconf 81' lang='lat' dir='ltr'>animo</span> <span class='ocrx_word' id='word_1_126' title='bbox 440 2136 604 2184; x_wconf 87' lang='lat' dir='ltr'>summum</span> <span class='ocrx_word' id='word_1_127' title='bbox 640 2117 769 2196; x_wconf 86' lang='lat' dir='ltr'>bonum,</span> <span class='ocrx_word' id='word_1_128' title='bbox 807 2115 962 2182; x_wconf 82' lang='lat' dir='ltr'>rationem</span> <span class='ocrx_word' id='word_1_129' title='bbox 994 2119 1101 2182; x_wconf 85' lang='lat' dir='ltr'>antem</span> <span class='ocrx_word' id='word_1_130' title='bbox 1134 2115 1300 2194; x_wconf 83' lang='lat' dir='ltr'>ueritatis,</span> <span class='ocrx_word' id='word_1_131' title='bbox 1324 2134 1386 2200; x_wconf 85' lang='lat' dir='ltr'>qua</span> 
     </span>
     <span class='ocr_line' id='line_1_17' title="bbox 234 2208 1385 2306; baseline -0.003 -16"><span class='ocrx_word' id='word_1_132' title='bbox 234 2244 396 2292; x_wconf 85' lang='lat' dir='ltr'>summum</span> <span class='ocrx_word' id='word_1_133' title='bbox 409 2208 528 2292; x_wconf 78' lang='lat' dir='ltr'>lanum</span> <span class='ocrx_word' id='word_1_134' title='bbox 544 2228 689 2291; x_wconf 68' lang='lat' dir='ltr'>nostum</span> <span class='ocrx_word' id='word_1_135' title='bbox 699 2223 778 2298; x_wconf 88' lang='lat' dir='ltr'>deus</span> <span class='ocrx_word' id='word_1_136' title='bbox 789 2242 860 2289; x_wconf 88' lang='lat' dir='ltr'>esse</span> <span class='ocrx_word' id='word_1_137' title='bbox 874 2223 1084 2306; x_wconf 82' lang='lat' dir='ltr'>intellegitur,</span> <span class='ocrx_word' id='word_1_138' title='bbox 1099 2223 1228 2306; x_wconf 87' lang='lat' dir='ltr'>utrique</span> <span class='ocrx_word' id='word_1_139' title='bbox 1237 2221 1385 2288; x_wconf 86' lang='lat' dir='ltr'>resistere</span> 
     </span>
     <span class='ocr_line' id='line_1_18' title="bbox 233 2327 1386 2414; baseline -0.004 -18"><span class='ocrx_word' id='word_1_140' title='bbox 233 2330 382 2413; x_wconf 81' lang='lat' dir='ltr'>sednon</span> <span class='ocrx_word' id='word_1_141' title='bbox 414 2333 504 2414; x_wconf 88' lang='lat' dir='ltr'>prius</span> <span class='ocrx_word' id='word_1_142' title='bbox 536 2328 702 2404; x_wconf 83' lang='lat' dir='ltr'>docentem</span> <span class='ocrx_word' id='word_1_143' title='bbox 734 2347 812 2395; x_wconf 88' lang='lat' dir='ltr'>uera</span> <span class='ocrx_word' id='word_1_144' title='bbox 843 2348 940 2412; x_wconf 86' lang='lat' dir='ltr'>quam</span> <span class='ocrx_word' id='word_1_145' title='bbox 971 2346 1071 2411; x_wconf 86' lang='lat' dir='ltr'>prana</span> <span class='ocrx_word' id='word_1_146' title='bbox 1103 2327 1319 2399; x_wconf 85' lang='lat' dir='ltr'>dedocentem.</span> <span class='ocrx_word' id='word_1_147' title='bbox 1351 2328 1386 2392; x_wconf 89' lang='lat' dir='ltr'>id</span> 
     </span>
    </p>

    <p class='ocr_par' dir='ltr' id='par_1_6' title="bbox 137 2434 1385 2736">
     <span class='ocr_line' id='line_1_19' title="bbox 137 2434 1383 2520; baseline -0.003 -18"><span class='ocrx_word' id='word_1_148' title='bbox 137 2452 147 2470; x_wconf 91' lang='lat'><em>·</em></span> <span class='ocrx_word' id='word_1_149' title='bbox 230 2436 339 2520; x_wconf 86' lang='lat' dir='ltr'>ipsum</span> <span class='ocrx_word' id='word_1_150' title='bbox 361 2456 489 2503; x_wconf 85' lang='lat' dir='ltr'>rursum</span> <span class='ocrx_word' id='word_1_151' title='bbox 512 2435 670 2502; x_wconf 86' lang='lat' dir='ltr'>adiunctis</span> <span class='ocrx_word' id='word_1_152' title='bbox 692 2435 837 2518; x_wconf 86' lang='lat' dir='ltr'>personis</span> <span class='ocrx_word' id='word_1_153' title='bbox 860 2434 1037 2501; x_wconf 85' lang='lat' dir='ltr'>constitue:</span> <span class='ocrx_word' id='word_1_154' title='bbox 1055 2435 1193 2519; x_wconf 85' lang='lat' dir='ltr'>reperies</span> <span class='ocrx_word' id='word_1_155' title='bbox 1210 2434 1383 2518; x_wconf 78' lang='lat' dir='ltr'>Epicureos</span> 
     </span>
     <span class='ocr_line' id='line_1_20' title="bbox 233 2541 1382 2620; baseline -0.003 -12"><span class='ocrx_word' id='word_1_156' title='bbox 233 2547 268 2608; x_wconf 82' lang='lat' dir='ltr'>st</span> <span class='ocrx_word' id='word_1_157' title='bbox 294 2542 421 2610; x_wconf 84' lang='lat' dir='ltr'>Stoicos</span> <span class='ocrx_word' id='word_1_158' title='bbox 453 2544 536 2610; x_wconf 91' lang='lat' dir='ltr'>inter</span> <span class='ocrx_word' id='word_1_159' title='bbox 567 2561 601 2608; x_wconf 87' lang='lat' dir='ltr'>se</span> <span class='ocrx_word' id='word_1_160' title='bbox 630 2542 782 2608; x_wconf 83' lang='lat' dir='ltr'>acerrime</span> <span class='ocrx_word' id='word_1_161' title='bbox 811 2541 1011 2620; x_wconf 80' lang='lat' dir='ltr'>dimicantes,</span> <span class='ocrx_word' id='word_1_162' title='bbox 1044 2559 1155 2606; x_wconf 89' lang='lat' dir='ltr'>eorum</span> <span class='ocrx_word' id='word_1_163' title='bbox 1186 2559 1261 2606; x_wconf 90' lang='lat' dir='ltr'>nero</span> <span class='ocrx_word' id='word_1_164' title='bbox 1291 2541 1382 2606; x_wconf 90' lang='lat' dir='ltr'>litem</span> 
     </span>
     <span class='ocr_line' id='line_1_21' title="bbox 187 2639 1385 2736; baseline 0 -24"><span class='ocrx_word' id='word_1_165' title='bbox 187 2669 215 2712; x_wconf 79' lang='lat' dir='ltr'>so</span> <span class='ocrx_word' id='word_1_166' title='bbox 234 2653 384 2716; x_wconf 83' lang='lat' dir='ltr'>conantes</span> <span class='ocrx_word' id='word_1_167' title='bbox 426 2648 599 2716; x_wconf 85' lang='lat' dir='ltr'>diiudlcare</span> <span class='ocrx_word' id='word_1_168' title='bbox 636 2647 821 2736; x_wconf 88' lang='lat' dir='ltr'>Platonicos</span> <span class='ocrx_word' id='word_1_169' title='bbox 855 2646 1051 2714; x_wconf 87' lang='lat' dir='ltr'>occultantes</span> <span class='ocrx_word' id='word_1_170' title='bbox 1084 2639 1274 2713; x_wconf 83' lang='lat' dir='ltr'>sententiam</span> <span class='ocrx_word' id='word_1_171' title='bbox 1304 2648 1385 2713; x_wconf 87' lang='lat' dir='ltr'>ueri-</span> 
     </span>
    </p>
   </div>
   <div class='ocr_carea' id='block_1_5' title="bbox 232 2744 1495 2821">
    <p class='ocr_par' dir='ltr' id='par_1_7' title="bbox 232 2744 1495 2821">
     <span class='ocr_line' id='line_1_22' title="bbox 232 2744 1495 2821; baseline -0.002 -2"><span class='ocrx_word' id='word_1_172' title='bbox 232 2755 309 2820; x_wconf 89' lang='lat' dir='ltr'>tatis</span> <span class='ocrx_word' id='word_1_173' title='bbox 338 2757 371 2821; x_wconf 87' lang='lat' dir='ltr'>et</span> <span class='ocrx_word' id='word_1_174' title='bbox 395 2754 524 2821; x_wconf 90' lang='lat' dir='ltr'>illomm</span> <span class='ocrx_word' id='word_1_175' title='bbox 552 2744 727 2821; x_wconf 61' lang='lat' dir='ltr'>uanam&#39;in</span> <span class='ocrx_word' id='word_1_176' title='bbox 755 2754 896 2820; x_wconf 75' lang='lat' dir='ltr'>falsitate</span> <span class='ocrx_word' id='word_1_177' title='bbox 923 2753 1074 2821; x_wconf 87' lang='lat' dir='ltr'>fiduciam</span> <span class='ocrx_word' id='word_1_178' title='bbox 1102 2752 1325 2821; x_wconf 88' lang='lat' dir='ltr'>conuincentes</span> <span class='ocrx_word' id='word_1_179' title='bbox 1353 2757 1385 2819; x_wconf 87' lang='lat' dir='ltr'>et</span> <span class='ocrx_word' id='word_1_180' title='bbox 1493 2759 1495 2765; x_wconf 73' lang='lat'><strong><em>‘</em></strong></span> 
     </span>
    </p>
   </div>
   <div class='ocr_carea' id='block_1_6' title="bbox 143 2862 1415 3264">
    <p class='ocr_par' dir='ltr' id='par_1_8' title="bbox 143 2862 1415 3159">
     <span class='ocr_line' id='line_1_23' title="bbox 232 2862 537 2947; baseline 0.016 -24"><span class='ocrx_word' id='word_1_181' title='bbox 232 2862 473 2947; x_wconf 79' lang='lat' dir='ltr'>redarguentes.</span> <span class='ocrx_word' id='word_1_182' title='bbox 527 2864 537 2886; x_wconf 80' lang='lat'>⁸</span> 
     </span>
     <span class='ocr_line' id='line_1_24' title="bbox 143 2966 1415 3048; baseline -0.004 -13"><span class='ocrx_word' id='word_1_183' title='bbox 143 2970 186 3035; x_wconf 91' lang='grc'>17</span> <span class='ocrx_word' id='word_1_184' title='bbox 279 2968 341 3034; x_wconf 85' lang='lat' dir='ltr'>Sed</span> <span class='ocrx_word' id='word_1_185' title='bbox 378 2988 440 3036; x_wconf 89' lang='lat' dir='ltr'>non</span> <span class='ocrx_word' id='word_1_186' title='bbox 477 2969 565 3035; x_wconf 72' lang='lat' dir='ltr'>deut</span> <span class='ocrx_word' id='word_1_187' title='bbox 597 2968 647 3033; x_wconf 91' lang='lat' dir='ltr'>illi</span> <span class='ocrx_word' id='word_1_188' title='bbox 679 2987 820 3034; x_wconf 86' lang='lat' dir='ltr'>errorum</span> <span class='ocrx_word' id='word_1_189' title='bbox 858 2987 990 3040; x_wconf 82' lang='lat' dir='ltr'>suorum</span> <span class='ocrx_word' id='word_1_190' title='bbox 1024 2968 1070 3033; x_wconf 86' lang='lat' dir='ltr'>ite</span> <span class='ocrx_word' id='word_1_191' title='bbox 1099 2966 1256 3034; x_wconf 85' lang='lat' dir='ltr'>Platonici</span> <span class='ocrx_word' id='word_1_192' title='bbox 1290 2985 1415 3048; x_wconf 72' lang='lat' dir='ltr'>uerae,</span> 
     </span>
     <span class='ocr_line' id='line_1_25' title="bbox 233 3071 1386 3159; baseline -0.003 -20"><span class='ocrx_word' id='word_1_193' title='bbox 233 3076 366 3141; x_wconf 73' lang='lat' dir='ltr'>rodonis</span> <span class='ocrx_word' id='word_1_194' title='bbox 399 3092 566 3158; x_wconf 86' lang='lat' dir='ltr'>personam</span> <span class='ocrx_word' id='word_1_195' title='bbox 597 3075 732 3159; x_wconf 85' lang='lat' dir='ltr'>implere</span> <span class='ocrx_word' id='word_1_196' title='bbox 763 3079 947 3159; x_wconf 86' lang='lat' dir='ltr'>potuerunt.</span> <span class='ocrx_word' id='word_1_197' title='bbox 986 3072 1134 3138; x_wconf 87' lang='lat' dir='ltr'>omnibns</span> <span class='ocrx_word' id='word_1_198' title='bbox 1168 3073 1252 3137; x_wconf 90' lang='lat' dir='ltr'>enim</span> <span class='ocrx_word' id='word_1_199' title='bbox 1284 3071 1386 3137; x_wconf 83' lang='lat' dir='ltr'>defuit</span> 
     </span>
    </p>

    <p class='ocr_par' dir='ltr' id='par_1_9' title="bbox 188 3178 1387 3264">
     <span class='ocr_line' id='line_1_26' title="bbox 188 3178 1387 3264; baseline 0.003 -25"><span class='ocrx_word' id='word_1_200' title='bbox 188 3197 216 3239; x_wconf 77' lang='lat' dir='ltr'>as</span> <span class='ocrx_word' id='word_1_201' title='bbox 235 3180 361 3247; x_wconf 83' lang='lat' dir='ltr'>diuinae</span> <span class='ocrx_word' id='word_1_202' title='bbox 393 3179 587 3251; x_wconf 87' lang='lat' dir='ltr'>humilitatis</span> <span class='ocrx_word' id='word_1_203' title='bbox 613 3179 805 3264; x_wconf 79' lang='lat' dir='ltr'>exemplum,</span> <span class='ocrx_word' id='word_1_204' title='bbox 834 3179 920 3264; x_wconf 92' lang='lat' dir='ltr'>quod</span> <span class='ocrx_word' id='word_1_205' title='bbox 947 3178 1216 3262; x_wconf 87' lang='lat' dir='ltr'>opportunissimo</span> <span class='ocrx_word' id='word_1_206' title='bbox 1243 3182 1387 3261; x_wconf 87' lang='lat' dir='ltr'>tempore</span> 
     </span>
    </p>
   </div>
   <div class='ocr_carea' id='block_1_7' title="bbox 204 3445 1391 4413">
    <p class='ocr_par' dir='ltr' id='par_1_10' title="bbox 204 3445 1391 4413">
     <span class='ocr_line' id='line_1_27' title="bbox 269 3445 1387 3516; baseline -0.004 -12"><span class='ocrx_word' id='word_1_207' title='bbox 269 3450 427 3505; x_wconf 69' lang='lat' dir='ltr'>lnostrurrr</span> <span class='ocrx_word' id='word_1_208' title='bbox 446 3465 497 3504; x_wconf 75' lang='lat' dir='ltr'>oar.</span> <span class='ocrx_word' id='word_1_209' title='bbox 513 3449 541 3504; x_wconf 99' lang='lat' dir='ltr'><strong><em>A</em></strong></span> <span class='ocrx_word' id='word_1_210' title='bbox 595 3448 720 3506; x_wconf 70' lang='lat' dir='ltr'>5solis·</span> <span class='ocrx_word' id='word_1_211' title='bbox 737 3448 766 3503; x_wconf 91' lang='lat' dir='ltr'><strong><em>A</em></strong></span> <span class='ocrx_word' id='word_1_212' title='bbox 837 3447 921 3504; x_wconf 81' lang='lat' dir='ltr'>iidem</span> <span class='ocrx_word' id='word_1_213' title='bbox 939 3446 1001 3502; x_wconf 81' lang='lat' dir='ltr'>cdd.</span> <span class='ocrx_word' id='word_1_214' title='bbox 1015 3452 1130 3516; x_wconf 78' lang='lat' dir='ltr'>praeter</span> <span class='ocrx_word' id='word_1_215' title='bbox 1144 3463 1164 3499; x_wconf 86' lang='lat' dir='ltr'>o</span> <span class='ocrx_word' id='word_1_216' title='bbox 1234 3445 1306 3500; x_wconf 89' lang='lat' dir='ltr'>idem</span> <span class='ocrx_word' id='word_1_217' title='bbox 1326 3446 1387 3515; x_wconf 85' lang='lat' dir='ltr'>qui·</span> 
     </span>
     <span class='ocr_line' id='line_1_28' title="bbox 204 3532 1387 3608; baseline -0.003 -17"><span class='ocrx_word' id='word_1_218' title='bbox 204 3577 205 3580; x_wconf 63' lang='lat'>,</span> <span class='ocrx_word' id='word_1_219' title='bbox 234 3538 294 3591; x_wconf 75' lang='lat' dir='ltr'>«lom</span> <span class='ocrx_word' id='word_1_220' title='bbox 314 3539 414 3608; x_wconf 83' lang='lat' dir='ltr'>qnippe</span> <span class='ocrx_word' id='word_1_221' title='bbox 432 3535 519 3592; x_wconf 69' lang='grc' dir='ltr'>ΡΨ·</span> <span class='ocrx_word' id='word_1_222' title='bbox 597 3537 772 3593; x_wconf 72' lang='lat' dir='ltr'>schsdernice</span> <span class='ocrx_word' id='word_1_223' title='bbox 789 3536 827 3590; x_wconf 85' lang='grc' dir='ltr'><em>Μ</em></span> <span class='ocrx_word' id='word_1_224' title='bbox 845 3540 922 3603; x_wconf 65' lang='grc' dir='ltr'>(Μ</span> <span class='ocrx_word' id='word_1_225' title='bbox 938 3533 1126 3600; x_wconf 66' lang='lat' dir='ltr'>achademicit</span> <span class='ocrx_word' id='word_1_226' title='bbox 1137 3538 1165 3590; x_wconf 85' lang='lat' dir='ltr'><strong><em>A</em></strong></span> <span class='ocrx_word' id='word_1_227' title='bbox 1184 3537 1250 3602; x_wconf 82' lang='lat' dir='ltr'>(ras.</span> <span class='ocrx_word' id='word_1_228' title='bbox 1270 3532 1387 3588; x_wconf 83' lang='lat' dir='ltr'>achade-</span> 
     </span>
     <span class='ocr_line' id='line_1_29' title="bbox 233 3621 1388 3695; baseline -0.003 -15"><span class='ocrx_word' id='word_1_229' title='bbox 233 3626 308 3689; x_wconf 86' lang='lat' dir='ltr'>urici)</span> <span class='ocrx_word' id='word_1_230' title='bbox 364 3626 381 3680; x_wconf 85' lang='lat' dir='ltr'>e</span> <span class='ocrx_word' id='word_1_231' title='bbox 399 3624 565 3690; x_wconf 74' lang='lat' dir='ltr'>auditorium</span> <span class='ocrx_word' id='word_1_232' title='bbox 584 3631 667 3695; x_wconf 70' lang='lat' dir='ltr'>(poet.</span> <span class='ocrx_word' id='word_1_233' title='bbox 679 3626 697 3679; x_wconf 94' lang='lat' dir='ltr'>·i</span> <span class='ocrx_word' id='word_1_234' title='bbox 716 3642 775 3695; x_wconf 70' lang='lat' dir='ltr'>sap.</span> <span class='ocrx_word' id='word_1_235' title='bbox 794 3629 864 3686; x_wconf 70' lang='grc' dir='ltr'>Μ)</span> <span class='ocrx_word' id='word_1_236' title='bbox 882 3624 920 3679; x_wconf 80' lang='grc' dir='ltr'><em>Μ</em></span> <span class='ocrx_word' id='word_1_237' title='bbox 972 3622 1125 3678; x_wconf 81' lang='lat' dir='ltr'>archeselae</span> <span class='ocrx_word' id='word_1_238' title='bbox 1138 3623 1166 3677; x_wconf 89' lang='lat' dir='ltr'>P</span> <span class='ocrx_word' id='word_1_239' title='bbox 1182 3621 1347 3677; x_wconf 80' lang='lat' dir='ltr'>archiselsus</span> <span class='ocrx_word' id='word_1_240' title='bbox 1359 3622 1388 3677; x_wconf 75' lang='grc' dir='ltr'><strong><em>Β</em></strong></span> 
     </span>
     <span class='ocr_line' id='line_1_30' title="bbox 234 3701 1390 3784; baseline -0.003 -16"><span class='ocrx_word' id='word_1_241' title='bbox 234 3714 367 3769; x_wconf 75' lang='lat' dir='ltr'>achesilas</span> <span class='ocrx_word' id='word_1_242' title='bbox 391 3713 417 3766; x_wconf 80' lang='lat' dir='ltr'><strong><em>V</em></strong></span> <span class='ocrx_word' id='word_1_243' title='bbox 491 3713 635 3769; x_wconf 73' lang='lat' dir='ltr'>tocculta</span> <span class='ocrx_word' id='word_1_244' title='bbox 652 3712 714 3768; x_wconf 81' lang='lat' dir='ltr'>MA</span> <span class='ocrx_word' id='word_1_245' title='bbox 786 3714 855 3768; x_wconf 87' lang='lat' dir='ltr'>istos</span> <span class='ocrx_word' id='word_1_246' title='bbox 874 3729 964 3784; x_wconf 72' lang='lat' dir='ltr'>quum,</span> <span class='ocrx_word' id='word_1_247' title='bbox 983 3712 1069 3782; x_wconf 63' lang='lat' dir='ltr'>dosis</span> <span class='ocrx_word' id='word_1_248' title='bbox 1087 3727 1158 3768; x_wconf 83' lang='lat' dir='ltr'>corr.</span> <span class='ocrx_word' id='word_1_249' title='bbox 1177 3701 1257 3781; x_wconf 68' lang='lat' dir='ltr'>duam</span> <span class='ocrx_word' id='word_1_250' title='bbox 1275 3712 1344 3764; x_wconf 87' lang='lat' dir='ltr'>istos</span> <span class='ocrx_word' id='word_1_251' title='bbox 1362 3711 1390 3764; x_wconf 90' lang='lat' dir='ltr'>P</span> 
     </span>
     <span class='ocr_line' id='line_1_31' title="bbox 233 3798 1387 3870; baseline -0.003 -14"><span class='ocrx_word' id='word_1_252' title='bbox 233 3801 484 3858; x_wconf 54' lang='lat' dir='ltr'>91euocrstem&#39;R</span> <span class='ocrx_word' id='word_1_253' title='bbox 502 3802 562 3858; x_wconf 85' lang='lat' dir='ltr'>cdd.</span> <span class='ocrx_word' id='word_1_254' title='bbox 602 3803 635 3858; x_wconf 89' lang='lat'>10</span> <span class='ocrx_word' id='word_1_255' title='bbox 655 3801 842 3857; x_wconf 66' lang='lat' dir='ltr'>acharistum</span> <span class='ocrx_word' id='word_1_256' title='bbox 858 3800 897 3857; x_wconf 78' lang='lat' dir='ltr'>dl</span> <span class='ocrx_word' id='word_1_257' title='bbox 932 3802 964 3857; x_wconf 94' lang='lat' dir='ltr'>ll</span> <span class='ocrx_word' id='word_1_258' title='bbox 984 3800 1020 3855; x_wconf 80' lang='lat' dir='ltr'>ed</span> <span class='ocrx_word' id='word_1_259' title='bbox 1039 3798 1209 3870; x_wconf 78' lang='lat' dir='ltr'>questionem</span> <span class='ocrx_word' id='word_1_260' title='bbox 1227 3798 1387 3870; x_wconf 61' lang='lat' dir='ltr'>pertinetfl</span> 
     </span>
     <span class='ocr_line' id='line_1_32' title="bbox 236 3887 1386 3962; baseline -0.003 -18"><span class='ocrx_word' id='word_1_261' title='bbox 236 3891 269 3945; x_wconf 84' lang='lat' dir='ltr'>la</span> <span class='ocrx_word' id='word_1_262' title='bbox 288 3892 414 3953; x_wconf 83' lang='lat' dir='ltr'>hominis,</span> <span class='ocrx_word' id='word_1_263' title='bbox 433 3906 503 3946; x_wconf 81' lang='lat' dir='ltr'>corr.</span> <span class='ocrx_word' id='word_1_264' title='bbox 521 3897 585 3959; x_wconf 63' lang='lat' dir='ltr'>nal</span> <span class='ocrx_word' id='word_1_265' title='bbox 602 3891 742 3946; x_wconf 88' lang='lat' dir='ltr'>hominurn</span> <span class='ocrx_word' id='word_1_266' title='bbox 759 3891 787 3945; x_wconf 89' lang='lat' dir='ltr'><strong><em>A</em></strong></span> <span class='ocrx_word' id='word_1_267' title='bbox 859 3892 947 3962; x_wconf 79' lang='lat' dir='ltr'>ipsum</span> <span class='ocrx_word' id='word_1_268' title='bbox 964 3904 1017 3948; x_wconf 74' lang='lat' dir='ltr'>,css</span> <span class='ocrx_word' id='word_1_269' title='bbox 1032 3887 1060 3943; x_wconf 91' lang='lat' dir='ltr'>P</span> <span class='ocrx_word' id='word_1_270' title='bbox 1130 3887 1347 3958; x_wconf 86' lang='lat' dir='ltr'>deceptationem</span> <span class='ocrx_word' id='word_1_271' title='bbox 1361 3887 1386 3940; x_wconf 88' lang='lat' dir='ltr'><strong><em>A</em></strong></span> 
     </span>
     <span class='ocr_line' id='line_1_33' title="bbox 236 3976 1386 4050; baseline -0.005 -15"><span class='ocrx_word' id='word_1_272' title='bbox 236 3981 269 4035; x_wconf 76' lang='lat' dir='ltr'>lt</span> <span class='ocrx_word' id='word_1_273' title='bbox 288 3980 412 4050; x_wconf 86' lang='lat' dir='ltr'>prolecto</span> <span class='ocrx_word' id='word_1_274' title='bbox 432 3983 532 4048; x_wconf 61' lang='lat' dir='ltr'>(posta</span> <span class='ocrx_word' id='word_1_275' title='bbox 553 3980 571 4034; x_wconf 89' lang='lat' dir='ltr'>l.</span> <span class='ocrx_word' id='word_1_276' title='bbox 589 3980 621 4034; x_wconf 82' lang='lat' dir='ltr'>iss</span> <span class='ocrx_word' id='word_1_277' title='bbox 638 3995 696 4034; x_wconf 84' lang='lat' dir='ltr'>ras.</span> <span class='ocrx_word' id='word_1_278' title='bbox 715 3995 750 4036; x_wconf 78' lang='lat' dir='ltr'>es.</span> <span class='ocrx_word' id='word_1_279' title='bbox 762 3983 791 4047; x_wconf 74' lang='lat'>2)</span> <span class='ocrx_word' id='word_1_280' title='bbox 805 3977 843 4033; x_wconf 80' lang='grc' dir='ltr'><em>Μ</em></span> <span class='ocrx_word' id='word_1_281' title='bbox 913 3977 976 4042; x_wconf 90' lang='lat' dir='ltr'>dno,</span> <span class='ocrx_word' id='word_1_282' title='bbox 995 3980 1061 4032; x_wconf 47' lang='lat' dir='ltr'>ssa</span> <span class='ocrx_word' id='word_1_283' title='bbox 1078 3976 1147 4032; x_wconf 81' lang='lat' dir='ltr'>duos</span> <span class='ocrx_word' id='word_1_284' title='bbox 1158 3977 1186 4031; x_wconf 90' lang='lat' dir='ltr'>P</span> <span class='ocrx_word' id='word_1_285' title='bbox 1249 3976 1328 4030; x_wconf 89' lang='lat' dir='ltr'>&#39;inter</span> <span class='ocrx_word' id='word_1_286' title='bbox 1346 3977 1386 4044; x_wconf 85' lang='lat' dir='ltr'>sel</span> 
     </span>
     <span class='ocr_line' id='line_1_34' title="bbox 235 4053 1388 4137; baseline -0.004 -16"><span class='ocrx_word' id='word_1_287' title='bbox 235 4084 264 4121; x_wconf 87' lang='lat' dir='ltr'>se</span> <span class='ocrx_word' id='word_1_288' title='bbox 283 4065 373 4121; x_wconf 77' lang='lat' dir='ltr'>MAP</span> <span class='ocrx_word' id='word_1_289' title='bbox 390 4066 453 4137; x_wconf 78' lang='lat' dir='ltr'>(dcl.</span> <span class='ocrx_word' id='word_1_290' title='bbox 472 4070 548 4134; x_wconf 67' lang='grc' dir='ltr'>Μ)</span> <span class='ocrx_word' id='word_1_291' title='bbox 567 4066 663 4122; x_wconf 78' lang='lat' dir='ltr'>P¹Vc</span> <span class='ocrx_word' id='word_1_292' title='bbox 681 4067 735 4122; x_wconf 84' lang='lat' dir='ltr'>sibi</span> <span class='ocrx_word' id='word_1_293' title='bbox 754 4053 782 4123; x_wconf 78' lang='lat' dir='ltr'><em>R</em></span> <span class='ocrx_word' id='word_1_294' title='bbox 825 4068 859 4122; x_wconf 80' lang='lat'>14</span> <span class='ocrx_word' id='word_1_295' title='bbox 878 4065 962 4122; x_wconf 72' lang='lat' dir='ltr'>ulium</span> <span class='ocrx_word' id='word_1_296' title='bbox 981 4067 1181 4120; x_wconf 73' lang='lat' dir='ltr'>mnsuuentem</span> <span class='ocrx_word' id='word_1_297' title='bbox 1200 4065 1227 4117; x_wconf 95' lang='lat' dir='ltr'><strong><em>A</em></strong></span> <span class='ocrx_word' id='word_1_298' title='bbox 1270 4065 1304 4118; x_wconf 79' lang='lat' dir='ltr'>lt</span> <span class='ocrx_word' id='word_1_299' title='bbox 1316 4064 1388 4117; x_wconf 89' lang='lat' dir='ltr'>ueri·</span> 
     </span>
     <span class='ocr_line' id='line_1_35' title="bbox 233 4151 1391 4226; baseline -0.005 -16"><span class='ocrx_word' id='word_1_300' title='bbox 233 4155 303 4210; x_wconf 75' lang='lat' dir='ltr'>tatis</span> <span class='ocrx_word' id='word_1_301' title='bbox 322 4161 413 4211; x_wconf 81' lang='lat' dir='ltr'>sotem</span> <span class='ocrx_word' id='word_1_302' title='bbox 430 4157 518 4226; x_wconf 55' lang='lat' dir='ltr'>mem</span> <span class='ocrx_word' id='word_1_303' title='bbox 535 4171 605 4211; x_wconf 77' lang='lat' dir='ltr'>corr.</span> <span class='ocrx_word' id='word_1_304' title='bbox 631 4155 654 4206; x_wconf 86' lang='lat' dir='ltr'><strong><em>V</em></strong></span> <span class='ocrx_word' id='word_1_305' title='bbox 725 4172 779 4225; x_wconf 76' lang='lat' dir='ltr'>qus</span> <span class='ocrx_word' id='word_1_306' title='bbox 796 4171 858 4211; x_wconf 74' lang='lat' dir='ltr'>cass</span> <span class='ocrx_word' id='word_1_307' title='bbox 876 4171 933 4211; x_wconf 82' lang='lat' dir='ltr'>rue.</span> <span class='ocrx_word' id='word_1_308' title='bbox 953 4169 1036 4224; x_wconf 74' lang='lat' dir='ltr'>uesper</span> <span class='ocrx_word' id='word_1_309' title='bbox 1051 4171 1071 4209; x_wconf 81' lang='lat' dir='ltr'>a</span> <span class='ocrx_word' id='word_1_310' title='bbox 1084 4155 1112 4209; x_wconf 93' lang='lat' dir='ltr'><strong><em>A</em></strong></span> <span class='ocrx_word' id='word_1_311' title='bbox 1167 4153 1200 4207; x_wconf 87' lang='lat'>18</span> <span class='ocrx_word' id='word_1_312' title='bbox 1218 4168 1308 4206; x_wconf 86' lang='lat' dir='ltr'>rursus</span> <span class='ocrx_word' id='word_1_313' title='bbox 1322 4151 1391 4206; x_wconf 76' lang='lat' dir='ltr'>P¹V</span> 
     </span>
     <span class='ocr_line' id='line_1_36' title="bbox 272 4241 1389 4315; baseline -0.005 -15"><span class='ocrx_word' id='word_1_314' title='bbox 272 4245 436 4300; x_wconf 75' lang='lat' dir='ltr'>eousutnere</span> <span class='ocrx_word' id='word_1_315' title='bbox 456 4245 596 4315; x_wconf 82' lang='lat' dir='ltr'>epicureos</span> <span class='ocrx_word' id='word_1_316' title='bbox 614 4245 642 4298; x_wconf 91' lang='lat' dir='ltr'><strong><em>A</em></strong></span> <span class='ocrx_word' id='word_1_317' title='bbox 709 4243 746 4298; x_wconf 80' lang='lat'>20</span> <span class='ocrx_word' id='word_1_318' title='bbox 764 4243 914 4298; x_wconf 77' lang='lat' dir='ltr'>diiudicare</span> <span class='ocrx_word' id='word_1_319' title='bbox 933 4244 1063 4297; x_wconf 74' lang='lat' dir='ltr'>conules</span> <span class='ocrx_word' id='word_1_320' title='bbox 1081 4241 1110 4297; x_wconf 83' lang='lat' dir='ltr'><em>R</em></span> <span class='ocrx_word' id='word_1_321' title='bbox 1182 4241 1389 4298; x_wconf 72' lang='lat' dir='ltr'>arianonorum.</span> 
     </span>
     <span class='ocr_line' id='line_1_37' title="bbox 233 4332 810 4413; baseline 0.002 -26"><span class='ocrx_word' id='word_1_322' title='bbox 233 4333 321 4401; x_wconf 71' lang='lat' dir='ltr'>susim</span> <span class='ocrx_word' id='word_1_323' title='bbox 338 4332 396 4388; x_wconf 75' lang='lat' dir='ltr'>uid.</span> <span class='ocrx_word' id='word_1_324' title='bbox 409 4332 551 4413; x_wconf 81' lang='lat' dir='ltr'>nullorum</span> <span class='ocrx_word' id='word_1_325' title='bbox 569 4332 606 4387; x_wconf 77' lang='lat'>1²¹</span> <span class='ocrx_word' id='word_1_326' title='bbox 662 4333 698 4389; x_wconf 78' lang='lat'>28</span> <span class='ocrx_word' id='word_1_327' title='bbox 715 4332 763 4388; x_wconf 85' lang='lat' dir='ltr'>ille</span> <span class='ocrx_word' id='word_1_328' title='bbox 781 4332 810 4388; x_wconf 91' lang='lat' dir='ltr'><strong><em>A</em></strong></span> 
     </span>
    </p>
   </div>
   <div class='ocr_carea' id='block_1_8' title="bbox 0 0 1664 4867">
    <p class='ocr_par' dir='ltr' id='par_1_11' title="bbox 0 0 1664 4867">
     <span class='ocr_line' id='line_1_38' title="bbox 0 0 1664 4867; baseline 0 0"><span class='ocrx_word' id='word_1_329' title='bbox 0 0 1664 4867; x_wconf 95' lang='lat' dir='ltr'> </span> 
     </span>
    </p>
   </div>
  </div>
 </body>
</html>
