3309 4867
599 310 867 389 epistularum
896 309 996 365 XClll.
1312 316 1380 377 449

219 502 385 588 frangitur,
419 504 457 568 ut
488 503 664 569 iniustitiae
696 503 849 569 seductus
878 504 1073 587 adquiescat.
1107 507 1140 570 et
1168 505 1222 587 qui
1245 504 1376 587 phreno-

219 609 319 675 ticum
353 612 436 694 ligat
467 616 500 675 et
521 610 585 693 .qui
616 610 828 696 lethargicum
862 611 989 685 excitat,
1027 610 1183 676 ambobus
1221 590 1377 675 molestus

221 718 330 783 ambos
354 722 450 785 amat.
487 717 559 801 quis
588 734 646 782 nos
673 718 783 800 potest
805 718 946 805 amplius
971 735 1076 782 amare
1100 735 1196 800 quam
1219 716 1322 781 daus?
1346 721 1379 781 et

218 828 323 889 tamen
348 843 405 891 nos
425 842 491 889 uon
516 825 620 888 solum
646 823 758 888 docere
783 822 928 888 suauiter
950 841 1061 888 uerum
1086 822 1183 888 etiam
1208 822 1380 888 salubriter

180 951 198 986 a
220 933 336 995 torrere
359 950 422 997 non
447 934 562 996 cessat,
587 929 738 995 fomontis
761 928 898 1003 lenibus,
923 928 1039 1012 quihus
1064 930 1257 1006 consolatur,
1282 948 1378 1012 saepe

219 1036 316 1102 stiam
347 1028 639 1102 mordacissimum>
661 1034 930 1101 medicamentum
958 1034 1175 1100 tribulationis
1199 1035 1377 1120 adiungens

218 1146 344 1221 exercet
374 1142 459 1208 fama
489 1142 684 1227 patriarchas
717 1142 815 1206 stiam
848 1143 919 1225 pios
953 1145 987 1207 at
1014 1142 1193 1226 religiosos,
1221 1141 1377 1225 populum

217 1238 439 1319 contumacem
463 1249 574 1333 poenis
597 1236 799 1334 grauioribus
823 1248 935 1332 agitat,
960 1266 1021 1313 non
1045 1247 1150 1319 autent
1172 1247 1211 1312 ah
1231 1248 1377 1331 apostolo

216 1354 387 1422 stimulum
425 1355 528 1421 carnis
565 1354 660 1421 tertio
697 1345 841 1440 rogatus,
874 1356 913 1418 ut
943 1353 1098 1420 uirtutem
1129 1353 1162 1418 iu
1192 1351 1378 1419 infirmitate

165 1480 198 1517 ιο
216 1459 369 1545 perficiat.
405 1461 578 1546 diligamus
610 1460 708 1554 ctiam
736 1459 886 1525 inimicos
909 1462 1046 1539 nostros,
1071 1461 1146 1543 quia
1169 1460 1234 1540 hoo⁴
1252 1458 1374 1524 iustum

217 1571 270 1637 ast
292 1573 324 1633 et
347 1569 408 1633 hoo
431 1567 595 1650 praecepit
618 1566 709 1643 daus,
733 1570 777 1631 ut
800 1565 928 1631 simus
951 1564 1038 1631 tilii
1066 1552 1375 1648 patris‘nostri,

216 1676 287 1756 qui
311 1676 350 1739 iu
376 1673 507 1740 caelis
531 1678 604 1749 est,
629 1673 697 1755 qui
722 1672 848 1738 solam
874 1691 988 1738 suum
1008 1672 1113 1741 facit
1132 1670 1234 1737 oriri
1252 1689 1377 1753 super

215 1781 347 1847 honos
379 1785 419 1847 et
446 1781 574 1845 malos
604 1783 643 1845 et
675 1779 785 1863 pluit
808 1797 932 1861 super
953 1777 1088 1843 iustos
1113 1779 1153 1842 at
1175 1777 1376 1841 iniustos.
1408 1810 1410 1814 ·

196 1887 275 1952 'sed
299 1888 471 1954 simmista
494 1887 576 1953 dona
600 1887 671 1951 eius
692 1885 873 1961 laudamus,
898 1884 1064 1950 itachium
1088 1883 1217 1969 flagella
1245 1882 1315 1948 aius
1345 1882 1375 1946 in

164 2010 196 2048 ιτ»
216 2011 284 2071 eos,
307 2012 388 2076 quos
412 1993 530 2078 diligit,
555 1992 746 2077 cogitemus.

133 2090 159 2148 5
260 2087 541 2187 Putasneminem
566 2099 679 2164 debere
704 2099 777 2183 cogi
800 2098 840 2163 ad
863 2097 1031 2173 iustitiam,
1052 2115 1123 2162 oum
1145 2097 1233 2181 legas
1252 2099 1375 2178 patrem

214 2207 354 2279 familias
395 2207 514 2272 dixisse
555 2206 671 2271 seruis:
715 2204 954 2286 ‘Quoscumque
995 2202 1192 2280 inueneritis,
1235 2201 1375 2286 cogite

215 2315 393 2393 intrare,
444 2332 517 2378 cum
554 2313 644 2398 legas
683 2312 779 2377 ahiem
816 2312 923 2393 ipsum
956 2292 1068 2392 primo*
1093 2307 1227 2375 Saulum
1263 2310 1376 2389 postea

215 2420 352 2486 Paulum
377 2420 418 2486 ad
441 2418 694 2503 cognoscendam
720 2422 752 2483 et
774 2416 1140 2482 tenendam-ueritatem
1164 2432 1279 2497 magna
1306 2412 1376 2503 uio-

163 2544 197 2585 so
215 2526 315 2590 lautia
348 2524 469 2592 Christi
503 2525 648 2611 cogentis
681 2542 752 2589 esse
786 2525 1000 2606 compulsum,
1028 2522 1090 2587 nisi
1119 2521 1200 2586 torte
1224 2518 1376 2584 cariorem

215 2634 311 2716 putas
334 2632 518 2702 hominihus
541 2650 612 2698 esso
635 2631 806 2714 pecuniam
823 2604 878 2723 uel
898 2631 1023 2713 qualem
1043 2624 1123 2693 libet
1140 2623 1376 2710 possessionem

216 2757 310 2820 qnam
342 2738 448 2804 lucem
480 2739 587 2815 istam,
621 2754 701 2821 quae
734 2736 837 2801 oculis
866 2736 1026 2819 carpitur?
1054 2735 1136 2798 hanc
1166 2733 1220 2797 ille
1244 2730 1374 2796 caelesti

215 2861 295 2910 uoce
322 2846 503 2929 prostratus
536 2845 642 2911 subito
680 2842 832 2908 amissam
867 2861 928 2907 non
961 2839 1172 2923 recuperauit,
1206 2837 1268 2901 nisi
1302 2854 1375 2900 cum

164 3024 169 3031 ,
216 2954 344 3016 sanctae
377 2952 631 3034 incorporaretur
663 2948 827 3014 ecclesiae.
862 2952 1018 3032 et.putas
1047 2945 1168 3010 anillam
1199 2943 1265 3007 uim
1288 2941 1376 3005 adhi-

168 3072 196 3110 2'»
216 3055 352 3123 bendum
386 3075 456 3120 esse
479 3055 625 3133 homini,
654 3060 690 3118 ut
723 3055 761 3118 ah
794 3054 909 3118 erroris
938 3052 1075 3137 pernicie
1110 3050 1272 3125 liberetur,
1301 3065 1375 3114 cum

216 3154 330 3246 ipsum
371 3161 477 3241 deum,
521 3165 583 3244 qno
631 3180 723 3225 nomo
765 3179 820 3237 uos
863 3159 976 3223 utilius
1019 3157 1140 3239 diligit,
1183 3154 1376 3219 certissimis

218 3268 371 3350 exemplis
403 3268 465 3333 hoc
497 3268 600 3332 tacere
633 3266 744 3332 uideas
783 3271 816 3330 et
849 3265 1013 3330 Christum
1052 3263 1163 3327 audias
1202 3261 1375 3325 dicantem:

309 3456 1003 3524 suen.12,1o;2o,1;41,54.-la,1;43,1
1075 3450 1374 3511 wenslai-9

220 3548 255 3602 10
272 3546 369 3601 llntth
389 3549 542 3615 att-45
635 3544 930 3611 1712u0.14,21÷23
1010 3541 1043 3596 18
1061 3541 1122 3596 Act.
1136 3541 1162 3602 o,
1178 3539 1268 3593 3-18

255 3669 354 3738 huon,
372 3673 437 3724 md
456 3688 506 3725 nos
524 3671 553 3725 P
603 3669 737 3729 4docare
756 3685 806 3721 nos
824 3684 879 3721 non
898 3667 985 3721 solum
1004 3665 1032 3719 t
1095 3663 1284 3732 lraligiosus.
1305 3676 1374 3716 corr.

217 3761 279 3812 nal
296 3758 439 3828 religiosos
458 3758 496 3813 Μ
559 3758 592 3812 10
612 3756 767 3827 diligamus.
786 3771 844 3808 ros.
864 3755 1005 3825 diligimus
1024 3759 1055 3806 nt
1073 3752 1132 3806 uid.
1153 3751 1179 3803 P
1245 3751 1275 3805 11
1296 3764 1375 3819 preo-

218 3846 288 3916 cipit
304 3863 331 3900 m
403 3847 505 3901 scimus
523 3847 550 3900 L
620 3846 652 3899 12
671 3845 740 3899 iacit
758 3844 842 3897 solem
863 3860 941 3897 suum
960 3842 988 3896 P
1004 3838 1073 3896 edos
1136 3840 1170 3894 13
1189 3838 1285 3897 honus,
1304 3852 1374 3890 corr.

217 3934 304 3990 bonos
322 3934 360 3989 Μ
429 3935 517 3990 iustos
537 3938 566 3989 et
582 3936 680 3997 iustos,
701 3920 770 3988 corr.
790 3937 849 3991 nri
867 3933 955 3986 iustos
975 3935 1003 3984 et
1020 3931 1137 3983 iniustos
1156 3927 1192 3981 M
1256 3927 1288 3979 14
1307 3924 1374 3977 iola·

217 4023 293 4092 golla
310 4023 346 4077 M
411 4026 443 4079 16
462 4024 525 4094 lega
542 4025 570 4078 P
638 4023 671 4076 18
691 4024 774 4077 etiam
793 4020 893 4074 enat)
959 4020 994 4073 ‘20
1012 4022 1141 4087 cogentes
1162 4015 1225 4077 illel.
1244 4020 1321 4077 aaa)
1340 4010 1375 4064 M

218 4113 252 4167 21
274 4112 426 4181 quamlibet
443 4111 505 4166 ML
541 4112 577 4165 2⁸2
596 4111 703 4181 capitur
715 4110 778 4163 ΜΛ
819 4109 854 4163 23
874 4112 1026 4178 prostratus
1046 4123 1112 4160 uoce
1134 4106 1202 4157 lrm
1222 4104 1374 4170 prostratus

218 4200 322 4254 lumino
341 4205 400 4255 cett.
420 4184 481 4254 eoa.
555 4197 701 4253 admissam
723 4200 746 4251 (1
798 4197 834 4250 24
852 4198 925 4251 uiam
945 4197 1007 4250 ΜΛ

251 4324 501 4393 annuissem-oea.
517 4325 540 4365 11
553 4326 635 4371 pares.
1214 4295 1216 4297 ’
1304 4294 1340 4347 29
