3309 4867
555 362 818 433 epistularum
845 361 917 417 LXI.
943 361 1028 417 LXII.
1300 356 1395 429 225Ι

212 563 320 624 tamen
343 556 479 626 dolende
500 558 534 621 st
554 554 727 632 toleranda,
751 558 908 638 quintum
925 554 1074 621 dominus
1097 554 1234 632 adiuuit,
1251 555 1366 639 partim

214 657 422 747 obiurgando,
444 661 563 748 partim
585 660 754 738 monendo,
776 660 895 743 partim
920 660 1036 726 orando
1059 660 1263 727 correximus.
1285 661 1368 726 illud

214 788 300 845 esne,
329 768 415 853 qnod
440 773 518 852 post
545 773 621 833 tuas
648 766 829 832 substitutis
856 766 1085 851 profectionem
1111 785 1170 833 nos
1192 765 1364 849 plurimum

214 873 428 948 contristsuit,
451 872 537 956 quod
559 872 632 938 inde
654 872 769 966 frates
792 871 861 938 sins
883 870 1005 937 itineris
1027 854 1110 936 unos
1133 871 1258 937 dimissi
1282 879 1367 949 sunt,

183 979 355 1063 spetimna
382 980 533 1064 ignosoas
561 983 594 1044 et
620 976 766 1044 timidius
790 996 886 1061 quam
908 978 1103 1066 malitiosius
1126 977 1247 1044 fastum
1272 977 1366 1045 scias.

214 1104 289 1150 aum
320 1085 405 1151 enim
437 1088 587 1169 putarent
617 1103 673 1150 sos
705 1102 725 1148 a
755 1082 823 1149 filio
855 1087 965 1149 nostro
997 1082 1165 1150 Timotheo
1201 1086 1369 1167 propterea

213 1190 312 1268 mitti,
333 1193 373 1256 ut
393 1193 426 1255 in
450 1208 508 1256 nos
531 1190 667 1255 menime
689 1189 856 1255 tentatam
874 1192 964 1255 tuam
984 1189 1025 1255 ad
1041 1188 1237 1254 iracundiam
1255 1207 1376 1273 prono-¹0

215 1299 332 1375 west,
373 1298 496 1363 uellent
536 1300 645 1363 antem
680 1293 745 1381 ipsi
781 1300 891 1362 nostro
929 1295 1091 1374 absentet
1129 1315 1225 1379 quem
1260 1299 1368 1361 teenm
1418 1345 1422 1350 .

213 1402 360 1469 futurum
392 1401 572 1488 sperubant,
600 1403 707 1469 emnia
732 1402 860 1488 integra
884 1421 1057 1479 reseruata,
1085 1405 1282 1486 putauerunt
1306 1420 1368 1467 non

165 1536 196 1576 un
215 1529 270 1576 sos
292 1509 503 1593 profentnros
528 1510 557 1575 si
580 1508 692 1601 dueum
716 1508 841 1574 itineris
865 1527 926 1574 non
955 1508 1143 1591 attinerent
1177 1507 1235 1573 sed
1259 1509 1369 1573 tamen

214 1619 382 1700 peceatum
415 1633 487 1682 ease
519 1614 592 1698 quie
621 1614 770 1681 dubitet?
803 1614 877 1681 bino
910 1615 1006 1681 etiam
1034 1614 1155 1680 fastum
1184 1617 1244 1691 ast,
1272 1617 1371 1679 utet

215 1721 346 1788 Fossori
373 1720 534 1787 dissuatur
559 1720 623 1786 iam
646 1719 853 1787 Timotheum
881 1739 954 1787 oum
981 1719 1063 1805 ipsis
1089 1719 1239 1786 fratribus
1257 1718 1370 1785 'fnisse

214 1827 404 1913 profestum.
437 1825 524 1910 quod
549 1827 663 1910 utique
685 1826 804 1893 falsum
828 1832 908 1905 erat,
930 1846 992 1920 non
1013 1829 1121 1893 tamen
1145 1825 1369 1916 agprssbytsro

215 1932 353 2009 dietum
376 1937 411 1999 et
433 1932 511 1999 huso
535 1933 643 1999 omnia
663 1932 794 2001 statem
812 1931 1190 2020 Garosdouiumosnitus
1208 1932 1370 2019 ignorasse

169 2064 198 2105 ss
215 2033 309 2106 nobis
331 2023 594 2127 manifestissime
617 2038 812 2105 decimatum
835 2043 898 2118 est,
921 2042 1074 2123 quantum
1092 2038 1158 2104 ista
1173 2037 1371 2102 manifestari

216 2145 332 2212 solent

119 2228 142 2295 2
260 2249 323 2319 eso
357 2251 434 2335 quid
470 2250 618 2336 pluiibus
655 2251 871 2317 immoremur?
908 2253 1103 2317 memoratus
1139 2248 1229 2317 filius
1264 2251 1372 2314 noster
1503 2324 1515 2349 ·

214 2356 403 2424 Timotheus
426 2355 710 2422 uehementissime
732 2357 951 2440 perturbatus,
974 2355 1059 2441 quod
1082 2355 1279 2422 dubietatem
1304 2359 1371 2420 tam

99 2511 102 2514 ,
215 2461 412 2547 inobientem
438 2462 655 2554 inuitissimus
684 2461 831 2540 sanserit,
847 2462 1016 2536 ‘indicauit
1041 2462 1145 2542 nobis,
1174 2460 1270 2546 quod,
1294 2459 1370 2526 dnm

170 2593 198 2636 ro
216 2584 328 2653 mares
355 2586 430 2634 oum
458 2567 530 2647 ἰΙΙο,Δ
554 2570 592 2633 ut
619 2567 703 2651 apud
732 2566 913 2635 subernum
940 2569 999 2635 deo
1027 2568 1175 2647 semiret,
1203 2565 1308 2651 erupit
1339 2566 1372 2630 st
1426 2565 1429 2566 *

213 2672 337 2741 instuit
357 2693 376 2739 s
397 2678 432 2740 ts
456 2674 583 2742 omnino
605 2692 667 2740 non
689 2692 903 2742 recessurum.
928 2693 1062 2759 eumque
1082 2676 1152 2747 eius
1171 2673 1371 2739 uoluntatem

215 2780 460 2864 requireremus,
483 2779 649 2865 rospondit
670 2799 705 2849 ss
728 2781 788 2846 bae
811 2780 970 2848 iuratione
991 2779 1150 2867 impediri,
1175 2798 1239 2864 qno
1264 2777 1370 2843 minus

215 2885 263 2951 ibi
286 2875 391 2964 'esest
422 2887 585 2961 ubieum
618 2905 690 2953 esse
723 2886 820 2953 etiam
853 2891 948 2953 antes
979 2887 1182 2963 solebamus,v
1208 2904 1281 2951 oum
1306 2883 1372 2950 iam

216 2992 402 3075 praesertim
427 2992 466 3057 de
489 3009 566 3057 suae
588 2991 748 3058 libertatis
771 2992 1027 3059 manifestatione
1050 3011 1184 3058 seeurus
1208 2991 1261 3056 sit.
1285 3007 1372 3055 sum-

170 3123 199 3167 as
217 3116 279 3180 que
300 3097 350 3163 illi
372 3100 609 3182 aperuissemus
633 3119 695 3163 non
720 3118 795 3164 eum
816 3098 962 3167 intumum
985 3098 1117 3184 periurii
1139 3116 1241 3173 reum,
1264 3093 1293 3161 si
1310 3113 1371 3160 noo

216 3203 410 3288 pam-ipsum
437 3204 496 3270 ssd
521 3221 579 3288 per
603 3207 638 3269 te
659 3203 760 3283 fieret,
782 3208 822 3269 ut
843 3209 972 3289 propter
994 3204 1164 3270 uitandum
1188 3200 1376 3268 scandalum

217 3312 325 3375 taem
345 3327 425 3376 ressa
447 3329 510 3376 non
532 3313 653 3394 posset,
677 3309 807 3394 qnando
826 3310 957 3394 quidem
979 3329 1040 3376 non
1064 3310 1103 3376 de
1126 3314 1184 3374 tua
1206 3308 1372 3374 uoluntete

218 3413 276 3480 se‘d
298 3415 338 3480 (ie
361 3434 421 3481 eus
442 3415 547 3480 iurare
569 3417 712 3502 potuerit
733 3434 792 3481 uso
810 3420 843 3482 te
862 3416 925 3483 sibi
944 3416 1089 3485 uicissim
1109 3413 1232 3497 aliquid
1249 3413 1373 3478 iurasse

218 3520 384 3587 confossus
407 3522 462 3600 sit,
486 3521 526 3586 sd
549 3524 726 3587 extromum
749 3521 839 3602 dixit,
863 3521 949 3606 quod
973 3541 1102 3589 seruum
1127 3520 1189 3598 dei,
1212 3519 1373 3585 'ecelesiae

170 3656 199 3697 so
217 3621 322 3690 fllium
353 3624 458 3692 diesne
493 3626 670 3709 oportebat,
704 3626 858 3711 quioquid
891 3628 983 3693 uobis
1016 3647 1089 3693 eum
1116 3630 1175 3692 tue
1203 3625 1373 3691 sanctitate

257 3817 269 3868 l
290 3813 444 3884 toleranda]
464 3814 588 3870 tollenda
605 3815 667 3871 edd.
681 3821 833 3886 prosterno
923 3817 1019 3873 tsine
1037 3833 1071 3872 ex
1089 3817 1148 3871 siue
1171 3814 1201 3871 U
1289 3813 1372 3870 uniri

219 3907 271 3957 aes
289 3902 371 3957 diuisi
392 3903 418 3956 Τ
460 3905 491 3957 ll
512 3908 579 3969 este,
598 3919 667 3960 sorr.
687 3908 750 3966 ome
767 3920 826 3960 esse
844 3904 874 3959 R
928 3891 1002 3976 binc]
1019 3905 1084 3959 hino
1102 3911 1117 3959 e
1138 3909 1164 3972 (e
1184 3919 1243 3974 emp.
1262 3901 1375 3972 ss.1)Y

220 3992 254 4044 19
272 3989 348 4060 dum]
368 4007 427 4046 eum
447 3991 508 4045 edd.
600 3993 637 4056 20
655 4009 738 4061 agens
762 3991 788 4046 Y
858 4010 993 4057 susanam,
1013 4009 1081 4047 sorr.
1101 3997 1163 4047 oal
1181 3991 1325 4046 subsanam
1345 3990 1373 4044 R

219 4079 497 4150 221eqniramns1'
585 4079 710 4151 respndit
733 4097 763 4135 se
782 4098 812 4135 ao
837 4082 1022 4136 iuratioueT
1109 4082 1145 4136 28
1166 4081 1248 4135 etism
1267 4077 1375 4133 eeseU

218 4167 255 4221 ‘24'
271 4166 495 4222 manifestatione
512 4166 651 4222 libertatis
671 4167 727 4222 VU
773 4168 808 4224 25
827 4186 902 4223 reum
922 4158 991 4225 s'esi
1009 4170 1035 4223 Τ
1086 4168 1122 4223 28
1141 4169 1260 4223 iurasses
1274 4169 1372 4237 (poso.

117 4261 135 4300 ⁸
221 4255 380 4324 tath
431 4255 599 4311 bbsstU

247 4378 366 4428 runnu,
379 4379 438 4430 sna.
448 4384 506 4422 ms
516 4379 540 4421 11
553 4390 605 4431 pm
615 4382 636 4423 s,
1304 4362 1338 4416 15
