3309 4867
606 412 871 497 epistularum
897 412 1043 470 Lxxnx,
1321 418 1388 483 423

239 608 278 675 de
296 626 360 693 quo
379 607 502 675 dictum
523 611 586 674 est:
609 607 702 692 lpse
726 612 799 689 est,
821 600 892 692 qni
915 609 1118 693 baptizat
1141 610 1274 694 proinde
1291 608 1388 677 homo

238 714 374 799 quilibet
391 714 538 780 minister
554 713 707 799 baptismi
727 715 796 782 eius
815 715 1081 800 qualemcumque
1100 718 1256 785 sarcinam
1272 718 1388 803 portet,

237 841 300 888 non
331 821 395 887 iste
425 821 494 900 sed,
528 841 745 906 superquam
774 822 923 888 columba
951 823 1125 903 deseendit,
1153 824 1223 908 ipae
1249 826 1309 903 est,
1333 824 1389 908 qui

238 927 388 1013 baptizat.
407 928 481 994 illos
504 932 612 995 summ
630 944 714 994 naua
732 928 906 995 sentientes
924 932 1015 994 tanta
1033 929 1214 1000 abeunditas
1233 930 1389 1014 sequitur,

203 1039 289 1115 aut,
320 1053 383 1119 quo
416 1034 455 1100 ab
489 1055 527 1100 ea
558 1035 693 1119 fugiant,
726 1054 788 1100 non
815 1035 991 1107 inueniant.
1025 1054 1097 1103 eum
1125 1036 1208 1102 enim
1230 1037 1391 1103 fateantur

240 1144 345 1207 ratum
374 1146 407 1207 et
434 1161 546 1209 uerum
573 1161 643 1208 esse
670 1142 878 1226 baptismum,
906 1141 1031 1226 quando
1058 1142 1202 1229 baptizat
1228 1142 1312 1228 apud
1335 1162 1390 1208 eos

239 1247 355 1330 aliquis
382 1247 583 1341 criminosus,
611 1247 703 1313 enine
731 1246 865 1312 crimina
890 1247 1002 1326 latent,
1035 1247 1172 1315 dicimus
1204 1247 1265 1339 eie:
1298 1245 1390 1327 ‘Quis

237 1338 320 1453 tunc,
346 1352 519 1437 baptizat?
550 1372 608 1419 uec
625 1354 769 1432 babent,
802 1353 880 1438 quid
911 1354 1133 1438 respondeant,
1160 1353 1238 1448 nisi:
1270 1354 1390 1439 ‘Deus‘,

238 1479 340 1543 neque
372 1459 455 1524 enim
488 1462 624 1543 possunt
655 1457 770 1537 dicere,
804 1458 889 1543 quod
921 1460 1017 1524 bomo
1045 1460 1170 1526 adulter
1196 1478 1392 1545 quemquam

189 1591 219 1632 ro
239 1564 427 1632 sanctificat.
451 1565 573 1647 quibus
591 1549 835 1649 respondemus:
860 1566 905 1632 ‘Si
929 1585 1015 1651 ergo,
1039 1585 1112 1633 curn
1136 1568 1279 1653 baptizat
1295 1567 1391 1632 bomo

222 1671 346 1748 ,inatus
368 1671 570 1748 manifestus,
592 1670 662 1754 ipse
686 1670 875 1750 sanctificat,
899 1690 972 1737 cum
997 1674 1104 1737 antem
1126 1673 1269 1756 baptizat
1295 1674 1391 1739 bomo
1436 1738 1439 1744 .

237 1777 368 1862 iniquus
400 1779 558 1855 occultus,
591 1784 667 1843 tune
696 1797 758 1843 non
785 1778 856 1862 ipse
884 1779 941 1844 sed
969 1778 1047 1850 deus
1071 1779 1392 1864 sanctificatoptare

240 1883 365 1960 debent,
399 1884 454 1967 qui
485 1884 697 1968 baptizantur,
726 1885 765 1950 ab
794 1884 931 1950 occultis
959 1885 1053 1950 malis
1077 1886 1261 1951 hominibus
1282 1885 1391 1969 potius

239 1989 394 2072 baptizari
417 2009 513 2073 quam
537 2010 556 2056 a
578 1990 757 2056 manifestis
781 1990 888 2063 bonis:
920 1991 1060 2056 multum
1091 1992 1174 2057 enim
1198 2010 1253 2057 eos
1275 1993 1392 2057 melius

191 2124 220 2164 aa
241 2097 319 2162 deus
343 2115 438 2179 quam
462 2096 598 2181 quilibet
615 2082 836 2169 bomojuetns
855 2096 1042 2163 sanctificat.
1067 2097 1152 2182 quod
1171 2099 1200 2164 ei
1218 2098 1392 2163 absurdum

240 2206 300 2281 est,
322 2206 361 2267 nt
383 2203 519 2287 quisque
542 2203 751 2286 baptizandus
775 2207 866 2286 optet
888 2203 927 2268 ab
956 2203 1082 2270 occulto
1111 2204 1256 2271 adultero
1284 2204 1392 2288 potius

239 2310 393 2395 baptizari
426 2330 522 2394 qnam
543 2314 569 2376 'a
595 2295 763 2377 manifesto
793 2315 892 2388 caeto,
916 2314 1018 2377 restat
1041 2312 1161 2395 utique,
1186 2315 1233 2389 ut,
1258 2310 1395 2395 quilibet

238 2416 458 2483 ministrorum
489 2417 655 2483 hominnm
687 2417 869 2496 accesserit,
901 2417 973 2483 ideo
1006 2421 1095 2484 ratus
1128 2419 1172 2484 sit
1199 2418 1390 2502 baptismus,

198 2526 201 2531 '
239 2508 325 2607 quia,
350 2542 565 2606 superquam
588 2524 735 2591 columba
758 2523 934 2602 descendit,
957 2523 1027 2606 ipse
1050 2524 1202 2609 baptizat.

134 2639 163 2703 6
193 2661 222 2702 ω
286 2630 328 2695 lit
348 2632 456 2695 tamen
480 2632 554 2696 dnm
578 2633 644 2696 tam
666 2630 838 2715 perspicua
859 2631 981 2696 ueritas
1004 2649 1099 2699 arares
1121 2634 1154 2696 et
1174 2629 1272 2718 cordq
1293 2629 1396 2696 bomi-

240 2756 317 2803 num
343 2735 445 2814 feriat,
472 2738 562 2800 tanta
589 2734 745 2818 quosdam
772 2734 878 2811 melae
905 2736 1146 2802 consuetudinis
1173 2754 1293 2822 uorago
1321 2737 1393 2802 snb-

239 2843 362 2919 mersit,
406 2846 446 2908 nt
486 2842 633 2908 omnibus
674 2841 921 2908 auctoritatibus
962 2842 1205 2927 rationibusque
1245 2842 1394 2910 resistere
1428 2917 1432 2923 ,

240 2968 337 3036 quam
360 2949 538 3016 consentire
561 2948 684 3014 malint
716 2948 884 3013 resistunt·
899 2952 1008 3014 antem
1036 2947 1162 3015 duobus
1189 2948 1307 3015 modis:
1339 2952 1395 3015 aut

241 3055 411 3127 saeuiendo
444 3059 502 3122 aut
531 3054 750 3141 pigrescendo.
789 3054 865 3139 quid
896 3054 997 3140 igitur
1028 3054 1080 3120 bic
1113 3055 1211 3122 faeiat
1241 3055 1400 3126 ecclesiae

192 3190 222 3233 ss
241 3162 399 3229 medicina
427 3162 566 3228 salntem
595 3162 737 3231 omnium
764 3165 907 3226 materne
939 3162 1071 3227 caritate
1103 3162 1292 3244 conquirens
1314 3164 1396 3228 tam·
1452 3194 1455 3199 ·

241 3288 337 3353 qnam
373 3269 454 3334 inter
489 3266 691 3369 phreneticos
729 3269 762 3333 et
795 3267 996 3352 lethargicos
1027 3270 1199 3334 aestuans?
1239 3267 1396 3352 numquid

241 3379 452 3454 contemnere,
474 3374 631 3458 numquid
654 3374 808 3442 desistere
831 3375 885 3439 uel
908 3361 1003 3440 debet
1024 3375 1078 3439 nel
1096 3377 1226 3458 potest?
1249 3373 1394 3459 utrisque

278 3595 557 3656 3isteesteodP'
588 3599 923 3672 tabennensii>
970 3597 1098 3668 aquia*
1150 3598 1395 3654 ldsenctiflcetR

242 3689 304 3744 edd.
360 3689 483 3760 laipno]
502 3688 609 3764 ipsese
629 3692 669 3757 (se
688 3705 748 3758 exp.
767 3687 888 3754 mm
943 3688 978 3743 14
995 3688 1082 3743 multo
1098 3687 1159 3741 ΜΔ
1176 3680 1238 3745 cdd.
1252 3693 1367 3757 ponaer
1376 3705 1403 3745 u.

280 3795 325 3833 eoa
344 3777 660 3845 om.MP(add.m.1)
725 3778 759 3833 15
778 3793 860 3847 quam
880 3777 1008 3847 quilibet]
1029 3776 1182 3847 quamlibet
1199 3775 1231 3831 F
1299 3777 1324 3830 si
1342 3792 1394 3832 om.

242 3865 334 3922 MFA
389 3866 421 3920 16
441 3862 551 3937 eportet
568 3866 595 3919 Δ
648 3866 864 3937 obtinebant!
917 3867 952 3920 17
969 3854 1117 3929 babtizare,
1136 3881 1207 3921 onor.
1226 3870 1286 3919 ael
1303 3864 1395 3919 babti·
1469 3850 1473 3865 “

241 3956 297 4010 rari
315 3954 353 4009 Μ
440 3954 474 4010 18
497 3956 677 4010 accesserittttt
701 3959 769 4024 (roe.
793 3958 863 4009 r-2
886 3956 916 4021 1.)
940 3950 1002 4009 ideo
1028 3954 1132 4022 (tideo
1151 3955 1257 4009 inrue.
1278 3959 1348 4019 ml)
1366 3953 1400 4007 ‘F

244 4046 279 4100 19
296 4042 438 4100 descendit
456 4043 583 4098 columba
599 4042 660 4101 edd.
738 4045 772 4098 21
793 4041 867 4098 mele
884 4044 914 4096 P
947 4040 953 4053 ‘
987 4044 1021 4100 23
1037 4044 1161 4109 mali-nt,
1178 4043 1227 4097 aad
1243 4047 1258 4096 t
1274 4057 1308 4097 α
1326 4057 1396 4097 corr.

243 4136 315 4202 (nol
334 4131 360 4200 ?)
378 4129 411 4186 F
425 4131 540 4202 maligni
552 4131 590 4185 M
607 4134 681 4198 (ont
698 4132 806 4198 malint)
821 4133 849 4186 A
924 4133 959 4187 24
979 4126 1049 4203 quid
1064 4132 1161 4203 igitur]
1182 4131 1230 4201 qui
1249 4129 1348 4184 dicitnr
1360 4130 1399 4184 M

243 4221 292 4291 qui
310 4220 379 4275 dicit
395 4220 424 4275 Δ
495 4219 580 4275 faciet
597 4218 625 4274 R
679 4220 714 4275 25
733 4219 895 4275 medicinam
909 4218 947 4274 Μ
999 4222 1034 4275 26
1052 4220 1135 4290 inter]
1152 4220 1181 4273 in
1196 4218 1225 4273 R
1278 4218 1313 4272 27
1332 4233 1395 4272 con·

242 4310 340 4363 sistere
357 4307 386 4363 R
