3309 4867
586 360 855 429 epistularum
884 360 978 417 CXIX.
1284 365 1349 431 703

202 552 296 633 uiuit,
323 552 387 618 nisi
414 553 494 619 forte
516 571 578 618 non
602 554 699 620 huius
721 555 878 620 humanae
901 554 1072 639 aequitatis
1096 555 1152 622 sed
1175 555 1240 635 illa,
1269 575 1349 639 quaa

203 657 282 725 deus
305 662 365 737 ast,
388 660 459 724 sola
480 658 644 736 adseratur
666 679 737 726 essa
758 660 895 726 iustitia.

135 760 157 825 d
246 763 338 831 Unde
366 764 544 832 confirmari
575 783 626 831 me
655 784 691 831 ar
718 765 866 832 omnibns
898 785 961 833 non
994 766 1099 835 solum
1131 768 1350 859 praesentibus

202 868 310 936 uerbis
332 869 390 935 sed
413 869 508 935 etiam
530 870 665 953 pleniori
688 870 829 954 epistula
850 871 959 938 uelim.
988 890 1089 956 neque
1112 872 1195 940 eninr
1218 874 1266 939 lae
1290 877 1351 955 eet,

173 983 242 1044 sut
271 978 373 1046 nostri
399 981 525 1047 tantum
556 977 655 1063 podes
688 979 726 1045 ab
757 978 832 1057 ista,
865 978 897 1044 in
926 998 988 1063 qna
1019 980 1116 1046 malti
1146 980 1351 1067 ingredimur,

204 1086 317 1152 erroris
345 1085 400 1151 uia
424 1091 457 1152 te
484 1087 632 1151 monente
658 1090 857 1152 reuocentur.
885 1085 1066 1152 cumcuim
1091 1088 1188 1153 multi
1214 1089 1247 1152 in
1273 1088 1351 1167 illia,

203 1192 235 1257 in
268 1187 385 1278 quibua
417 1192 610 1270 habitamus,
647 1192 762 1260 insulis
795 1191 871 1258 dum
908 1195 996 1259 recto
1027 1192 1067 1260 ad
1098 1193 1185 1262 uiam
1215 1197 1352 1278 pergunt

203 1316 330 1385 aggere
358 1298 390 1363 in
413 1298 576 1363 tramitem
602 1299 741 1364 tortuosi
768 1299 865 1365 huius
889 1299 1003 1365 erroris
1031 1300 1228 1379 incurrerint,
1253 1301 1351 1366 eritne

95 1446 97 1450 -
204 1405 320 1488 aliquis
341 1404 410 1470 illic
428 1405 640 1489 Augustinus,
665 1404 756 1472 cuius
780 1405 966 1472 auctoritati
985 1405 1107 1486 cedant,
1126 1406 1218 1472 euius
1237 1406 1352 1472 doctri·

159 1529 187 1570 ro
203 1528 262 1577 nae
284 1510 424 1588 credant,
448 1512 540 1577 euius
562 1511 690 1596 ingenio
714 1514 925 1595 superentur?
947 1531 986 1578 an
1009 1514 1091 1579 sorta
1114 1531 1150 1578 er
1172 1513 1227 1579 illo
1249 1515 1352 1598 pater·

203 1617 314 1684 nitatis
342 1616 460 1683 affectu
487 1618 591 1683 mauis
620 1637 670 1684 me
700 1620 826 1684 occulta
853 1619 1065 1686 admonitione
1094 1618 1229 1704 dirigere
1256 1637 1351 1701 quam
1423 1669 1428 1680 .

203 1723 295 1789 uelut
317 1723 468 1790 comitem
491 1724 582 1806 praui
603 1723 728 1790 itineris
750 1725 933 1810 increpare?
953 1726 1009 1791 sed
1024 1725 1111 1796 ‚milri
1133 1744 1188 1809 pro
1212 1724 1352 1791 utilitate

203 1831 326 1896 animae
354 1830 458 1915 magis
486 1849 581 1913 quam
612 1849 671 1915 pro
699 1831 819 1898 saeculi
851 1831 944 1899 laude
972 1847 1095 1897 currere
1123 1831 1263 1915 cupienti
1289 1849 1351 1898 nou

204 1941 253 2001 cst
274 1935 399 2002 inutilis
419 1954 456 2002 ae
478 1937 607 2020 perinde
627 1937 723 2003 etiam
741 1956 801 2003 non
821 1956 929 2004 amara
945 1939 1109 2023 coargutio
1127 1941 1194 2018 tua,
1216 1937 1352 2004 maxime

158 2059 186 2102 re
205 2058 278 2106 eum
301 2045 335 2107 et
360 2042 440 2107 mihi
464 2048 497 2108 et
519 2044 632 2109 ceteris
660 2044 761 2110 uitam
789 2043 887 2116 simul
913 2043 1105 2129 laudemque
1132 2045 1272 2129 paritura
1298 2043 1352 2123 sit,

205 2165 298 2214 nemo
326 2149 507 2242 siquidem
530 2154 596 2215 tam
624 2150 763 2216 iniustus
787 2168 859 2216 esse
882 2151 1000 2217 arbiter
1021 2154 1140 2236 potest,
1165 2150 1218 2234 qui
1241 2168 1293 2215 me
1316 2168 1352 2214 cr

206 2275 254 2334 eo,
287 2254 372 2338 quod
403 2256 573 2339 aliquando
608 2257 702 2323 deuia
733 2277 805 2324 sum
839 2259 981 2336 secutus,
1015 2258 1173 2324 stultitiae
1204 2247 1353 2323 denotare

204 2362 306 2438 malit,
335 2381 429 2445 quam
453 2381 489 2427 er
512 2382 560 2441 eo,
589 2365 674 2447 quod
701 2367 789 2430 recta
811 2363 994 2450 delegarim,
1021 2364 1191 2448 prudenter
1212 2363 1353 2428 iudicare

206 2471 382 2542 cunctetur.
415 2486 517 2552 neque
546 2470 631 2534 eninr
664 2468 757 2535 atulti
785 2468 976 2534 aestimandi
1003 2473 1093 2548 sunt,
1127 2487 1205 2551 quoa
1231 2468 1353 2534 Paulus

159 2574 382 2659 coapostolus,
410 2593 449 2640 ne
476 2574 508 2641 in
535 2575 692 2641 incertum
721 2577 893 2657 currarent,
921 2574 1257 2641 admonebat-dicens:
1286 2573 1353 2640 Sic

206 2682 372 2758 currite,
405 2685 449 2748 nt
480 2681 810 2765 adprehendatis.
850 2685 1040 2765 quapropter
1071 2682 1126 2746 uia
1155 2680 1228 2758 ista,
1257 2697 1352 2763 quam

206 2788 373 2868 currimus,
406 2807 467 2853 non
499 2788 604 2854 solum
636 2787 839 2872 relinquenda
870 2787 961 2854 nobis
983 2806 1105 2866 ,uerum
1133 2786 1228 2852 etiam
1258 2786 1354 2850 inter-

206 2894 363 2960 cludenda
384 2897 479 2978 atqua
501 2894 709 2978 praecidenda
731 2895 791 2961 tibi
814 2897 875 2970 est,
898 2912 937 2959 ne
955 2893 1036 2987 forta
1055 2894 1152 2960 stiam
1170 2911 1225 2959 eos
1248 2892 1355 2958 fallaci

207 2999 388 3090 dilectionis
416 3000 618 3067 simulatione
646 3003 827 3067 frustretur.
855 3003 892 3066 tu
916 3000 998 3091 enirn
1023 3019 1086 3066 uon
1110 2999 1267 3091 editorum
1289 2999 1353 3063 iam

159 3125 225 3172 aea
247 3126 299 3173 ma
325 3107 479 3173 libromm
504 3107 606 3176 lector
633 3107 690 3174 sed
715 3107 947 3190 probandorum
972 3093 1163 3184 emendator,
1190 3106 1223 3170 ui
1249 3105 1354 3182 sudor,

206 3213 329 3279 electus
357 3232 401 3280 as.
430 3232 503 3279 nam
530 3212 562 3277 iu
591 3212 648 3277 illa
675 3212 824 3298 epistula,
854 3231 949 3296 quam
976 3212 1007 3277 iu
1036 3211 1102 3277 illis
1128 3197 1246 3276 libellis
1273 3212 1353 3279 meis

204 3320 298 3385 vuelut
323 3316 607 3404 praefatiunculam
634 3320 781 3402 praetuli,
813 3318 917 3384 buiua'
938 3317 1025 3384 modi
1051 3317 1147 3383 uerba
1176 3316 1356 3401 conscripta

261 3642 263 3644 ι
296 3561 363 3617 201
383 3561 451 3617 Cor..
462 3562 488 3623 2.
506 3562 542 3618 24

236 3720 257 3774 d
277 3719 371 3790 buiur]
384 3737 415 3790 p.
438 3724 499 3779 721.
518 3723 556 3774 10
572 3719 641 3774 baec
711 3721 728 3774 2
747 3725 853 3775 asaemt
873 3719 927 3775 PT
978 3723 997 3775 4
1015 3718 1105 3778 uerbis
1124 3736 1176 3773 om.
1198 3716 1277 3792 QPT
1291 3716 1353 3772 edd.

205 3814 352 3878 praeterae
405 3809 568 3864 dmonente
590 3809 642 3863 OT
697 3799 960 3864 licomruonitione
982 3807 1062 3869 OPT
1078 3807 1146 3874 ecda
1190 3808 1223 3866 14
1236 3805 1354 3877 proinde

207 3895 268 3952 edo.
324 3898 358 3952 lb*
377 3897 493 3960 arbiter]
510 3904 542 3953 nt
560 3898 678 3953 arbitror
698 3896 776 3954 OPT
792 3897 852 3955 edd.
908 3899 941 3952 17
961 3896 1122 3968 alioquando
1140 3896 1168 3951 Β
1229 3895 1263 3949 18
1280 3898 1355 3949 recta

207 4002 259 4042 on.
275 3986 356 4043 OPT
370 3986 431 4043 edd.
444 3993 593 4056 praetem
665 3986 806 4057 dileperim
820 3986 848 4040 B
895 3985 930 4041 21
951 3984 1186 4059 comprehendatis
1203 3983 1354 4040 OPTedd.

206 4090 257 4132 aec.
275 4074 353 4146 vop.
411 4076 589 4147 quapropter]
607 4075 672 4145 qnia
688 4075 767 4133 OPT
782 4073 844 4129 cdd.
858 4075 1010 4144 'mamm
1046 4073 1082 4129 23
1099 4072 1153 4127 tibi
1171 4087 1222 4127 οοι.
1240 4071 1317 4127 ΟΡΤ
1329 4087 1356 4124 m

207 4164 286 4221 nobis
304 4169 363 4220 cett.
378 4164 439 4219 edd.
489 4164 524 4224 24
538 4163 703 4219 frustrentur
720 4162 864 4230 OPTflr
881 4161 1063 4218 frustremure
1112 4163 1148 4217 25
1165 4159 1262 4215 lectori
1278 4159 1358 4218 OPT

243 4252 411 4307 emendatori
432 4251 512 4308 OPl'
562 4253 597 4309 26
617 4253 684 4308 meis
701 4250 802 4307 libellis
824 4250 903 4308 OPT
918 4250 981 4308 edd.
1035 4250 1069 4307 27
1088 4249 1163 4305 modi
1180 4265 1232 4305 om.
1251 4250 1279 4304 P

498 4363 513 4402 Α
