3309 4867
683 392 816 456 474
1394 387 1449 442 S.
1508 385 1784 438 Aureli
1839 384 2279 453 Augustini

682 581 903 646 inter
938 581 1358 657 mulieres,
1409 579 1652 645 exitu
1694 579 1766 643 in
1807 579 2209 664 uestigiis
2250 598 2584 664 gregum
2622 580 2701 644 et
2744 596 3028 661 pasce

686 686 992 752 haedos
1049 690 1237 751 tuos
1295 686 1371 751 in
1429 686 2000 752 tabernaculis
2053 689 2495 770 pastorum.
2563 705 2599 750 o
2655 683 3026 768 responsio

681 792 1040 858 dulcissimi
1090 792 1334 876 sponsi!
1386 792 1552 857 nisi
1591 792 2108 877 cognoueris‚
2147 792 2378 876 inquit,
2415 795 2671 858 temet
2703 791 3022 876 ipsam,

681 898 1915 982 quiautiquenonpotestciuitas
1945 898 2610 983 abscondisuper
2642 901 3021 963 montem

681 1005 1161 1071 constituta
1215 1008 1282 1071 et
1334 1005 1478 1071 ideo
1533 1024 1656 1070 non
1715 1024 1784 1070 es
1841 1007 2081 1088 operta,
2144 1008 2222 1070 ut
2283 1005 2567 1071 incurras
2630 1004 2696 1069 in
2761 1021 3019 1088 greges
3089 1024 3117 1062 ⁵

682 1110 999 1177 sodalium
1082 1129 1398 1187 meorum
1494 1129 1613 1196 ego
1701 1111 1868 1175 enim
1952 1129 2095 1176 sum
2179 1130 2402 1177 mons
2474 1115 2821 1195 paratus
2920 1109 3012 1174 in

681 1217 1102 1283 cacumine
1174 1218 1589 1299 montium,
1667 1217 1760 1282 ad
1826 1236 2053 1300 quem
2129 1216 3013 1284 uenientmninersae

681 1327 993 1408 gentes.
1204 1323 1370 1388 nisi
1426 1342 1575 1423 ergo
1644 1324 2143 1408 cognoueris
2208 1326 2466 1390 temet
2526 1325 2787 1409 ipsam
2862 1341 3009 1388 non

678 1430 745 1494 in
820 1430 1035 1496 uerbis
1110 1429 1650 1497 calumniosorum
1717 1430 1829 1496 sed
1897 1430 1961 1495 in
2026 1432 2417 1497 testimoniis
2482 1430 2791 1496 librorum
2853 1448 3008 1494 me-

679 1533 1142 1602 orum.‘nisi
1223 1537 1722 1622 cognoueris
1811 1540 2064 1602 temet
2146 1537 2442 1619 ipsam,
2519 1537 2669 1620 quia
2759 1535 2834 1600 de
2925 1539 3098 1600 tero

680 1640 930 1707 dictum
1005 1645 1132 1708 est:
1205 1643 1547 1728 Porrige
1638 1642 1974 1728 longius
2069 1644 2497 1710 funiculos
2582 1647 2660 1710 et
2747 1643 3000 1726 palos

682 1747 1015 1813 ualidos
1074 1747 1506 1836 confirma3
1576 1750 1824 1815 etiam
1882 1754 2129 1833 atque
2188 1751 2433 1817 etiam
2489 1751 2567 1816 in
2625 1749 2997 1815 dextram

681 1857 931 1936 atque
990 1854 1419 1921 sinistram
1468 1856 1834 1933 extende.
1903 1876 2171 1940 semen
2220 1857 2446 1924 enini-
2484 1858 2711 1922 tuum
2764 1855 2998 1921 here-

682 1959 997 2026 ditabit
1051 1964 1344 2047 gentes
1403 1966 1483 2027 et
1538 1963 1966 2037 ciuitates,
2034 1980 2231 2046 quae
2289 1963 2675 2028 desertae
2732 1965 2994 2039 erant,

681 2064 1229 2137 inhabitabis.
1314 2087 1462 2134 non
1539 2071 1686 2150 est,
1763 2068 1971 2151 quod
2037 2072 2377 2147 metuas,
2451 2067 3083 2152 praeualebisxs

682 2173 912 2253 enim,
1007 2191 1145 2239 nec
1224 2175 1989 2260 erubescas„quod
2064 2176 2611 2246 detestabilis
2695 2174 2988 2240 fueriS.

681 2279 1251 2346 confusionem
1283 2281 1597 2346 enimin
1637 2286 2124 2366 perpetuum
2157 2282 2724 2360 obliuisceris,
2762 2280 2989 2366 igno-

681 2385 981 2451 miniae
1026 2386 1482 2453 uiduitatis
1530 2391 1724 2454 tuae
1772 2406 1922 2454 non
1970 2389 2135 2454 eris
2182 2408 2498 2454 memor.
2576 2407 2722 2472 ego
2770 2385 2988 2452 enim

683 2509 857 2556 sum
907 2491 1306 2572 dominus,
1364 2494 1499 2578 qui
1556 2494 1773 2561 facio
1831 2499 1930 2574 te,
1989 2495 2361 2561 dominus
2400 2514 2696 2575 =nomen
2753 2493 2824 2560 ei
2881 2497 2985 2578 et,

682 2596 1106 2678 qui-eruit
1166 2603 1267 2679 te,
1342 2600 1523 2684 ipse
1588 2601 1788 2667 deus
1836 2601 2158 2666 Israhel
2217 2601 2656 2667 uniuersae
2711 2603 3067 2666 terraeve

679 2703 1138 2772 uocabitur.
1265 2705 2986 2792 nisicognoueristemetipsam,opulchra

680 2808 901 2874 inter
945 2809 1361 2891 muliereS‚
1410 2813 1562 2896 quia
1599 2813 1676 2878 de
1722 2817 1786 2879 te
1825 2813 2072 2879 dictum
2119 2817 2249 2879 est:
2300 2812 2806 2897 Concupiuit
2848 2829 2984 2877 rex

643 2914 1042 2997 »speciem
1106 2920 1345 2996 tuam,
1412 2919 1562 3000 quia
1617 2918 1695 2983 de
1735 2921 1826 2983 =te
1882 2917 2128 2984 dictum
2186 2924 2315 2985 est:
2379 2920 2529 2986 Pro
2597 2916 2980 3009 'patribus

858 3161 895 3216 4
928 3160 1127 3217 Matth.
1165 3165 1216 3226 5,
1258 3163 1326 3219 14
1461 3165 1494 3220 6
1532 3162 1621 3218 Es.
1661 3166 1713 3226 2,
1753 3164 1788 3218 2
1926 3161 2122 3218 ll-Es.
2160 3164 2248 3227 54,
2286 3162 2426 3217 2-5
2546 3163 2618 3218 22
2653 3162 2747 3217 Pa.
2783 3163 2872 3226 44,
2912 3163 2981 3218 12

678 3249 750 3304 23
789 3248 879 3305 Pa.
915 3251 1004 3314 44,
1047 3251 1110 3305 17
2085 3250 2090 3257 '

757 3408 782 3461 1
826 3408 989 3472 exitu,
1027 3424 1164 3464 corr.
1204 3409 1289 3464 exi
1325 3411 1387 3463 tu
1422 3409 1498 3464 M
1601 3410 1634 3464 3
1672 3412 1848 3464 temet
1882 3408 2057 3478 ipsam
2098 3409 2281 3479 iuquit
2314 3407 2371 3464 R
2406 3406 2531 3463 edd.
2638 3410 2676 3463 4
2713 3423 2876 3478 supra
2908 3405 2986 3461 Η

677 3494 802 3549 edd.
840 3511 941 3553 sec.
980 3495 1139 3567 γῆς.
1242 3499 1284 3572 ,5
1320 3499 1503 3568 posita
1538 3497 1590 3552 L
1625 3513 1730 3552 sec.
1778 3495 1934 3567 Vulq.
2101 3496 2156 3550 in
2197 3513 2393 3566 greges
2428 3495 2699 3550 sodalium
2737 3510 2979 3553 meorum

678 3583 923 3638 incurras
950 3582 1004 3638 L
1111 3600 1333 3655 gregem
1367 3584 1476 3639 GN
1548 3586 1583 3640 6
1619 3601 1863 3639 meorum
1899 3586 2008 3656 (me
2048 3601 2114 3640 a
2151 3598 2289 3639 corr.
2327 3601 2397 3638 m.
2422 3588 2473 3650 1)
2501 3583 2568 3637 N
2596 3587 2818 3638 tuorum
2854 3581 2978 3637 edd.

668 3679 966 3742 praeter-m
1065 3674 1096 3727 7
1126 3676 1202 3736 at,
1230 3690 1300 3727 m.
1324 3677 1364 3729 2
1389 3672 1459 3727 ad
1486 3673 1542 3728 P
1672 3673 1707 3728 8
1745 3690 1873 3743 ergo
1912 3689 2015 3728 om.
2054 3674 2110 3730 R
2149 3672 2291 3728 enim
2327 3673 2405 3727 M
2545 3673 2615 3727 10
2651 3670 2855 3727 dictum
2894 3676 2983 3724 est

680 3761 748 3816 de
784 3764 842 3815 te
878 3762 934 3816 A
1117 3761 1178 3816 11
1218 3763 1457 3833 porrige]
1497 3779 1655 3833 porro
1695 3762 1751 3816 A
1904 3761 2175 3816 funiculos
2211 3765 2336 3817 tuos
2375 3765 2433 3816 ct
2457 3760 2515 3816 R
2550 3775 2652 3815 soc.
2690 3774 2832 3816 sacr.
2871 3757 2980 3813 litt.

682 3848 750 3905 12
789 3848 1061 3904 dexteram
1089 3848 1269 3927 MRL
1304 3850 1424 3904 cdd.
1463 3865 1565 3906 sec.
1602 3850 1762 3920 Vuly.
1842 3850 1909 3904 13
1947 3853 2112 3919 atque
2142 3851 2199 3903 in
2228 3849 2505 3903 sinistram
2532 3847 2673 3916 AR,-
2709 3850 2781 3916 εἰ.
2819 3845 2981 3917 Vulq.

681 3940 748 3993 15
787 3937 1169 3992 inhabitabitis
1197 3939 1253 3993 A
1290 3938 1628 3993 inhabitabit
1653 3938 1709 3992 L
1744 3953 1846 4000 sec.
1896 3937 2054 4009 Vuly.
2152 3939 2217 3994 16
2258 3937 2540 3993 erubesces
2576 3935 2633 3992 Β
2661 3947 2770 3992 sec.
2819 3933 2978 4005 Vnda.

681 4027 749 4081 17
789 4027 932 4080 enim
971 4041 1074 4083 om.
1112 4025 1165 4080 L
1309 4026 1365 4081 in
1405 4029 1683 4081 aeternum
1713 4025 1823 4082 BL
1930 4026 2244 4096 ignominae
2267 4024 2342 4080 M
2448 4026 2516 4081 19
2554 4023 2806 4099 dominus
2843 4022 2981 4079 deus

674 4118 807 4170 tuus
844 4114 937 4185 qui
974 4114 1030 4169 R
1134 4115 1210 4187 ei]
1246 4116 1362 4169 eius
1394 4114 1508 4169 CN
1532 4129 1631 4170 sec.
1683 4114 1840 4186 Vuly.
1881 4113 2165 4187 (Septuaq.
2207 4113 2368 4187 αὐτῷ)
2406 4121 2584 4169 meum
2614 4112 2676 4167 L
2739 4113 2811 4167 22
2847 4128 2981 4167 con-

676 4191 914 4274 cupiscit
955 4205 1010 4258 A
1068 4202 1352 4275 (Septuaq.
1392 4201 1742 4274 ἰπεθὺμησεν,
1781 4201 1899 4258 cod.
1936 4203 2100 4258 Alex.
2141 4200 2479 4274 ἔπιθομήσεις
2527 4200 2685 4272 anq.
2726 4201 2981 4270 concupi·

677 4294 816 4359 scot)
925 4291 995 4347 28
1032 4297 1182 4347 tuam
1220 4307 1324 4347 om.
1362 4291 1416 4344 A
