3309 4867
629 401 896 471 epistularum
925 401 1019 457 xxvi.
1328 404 1393 471 125

288 597 346 661 111.
373 596 455 660 Item
484 594 523 660 ub
545 597 614 691 ‘ulio
642 596 762 676 audiui,
796 597 881 679 quod
914 598 1098 664 conductori
1131 610 1191 664 nob
1225 599 1349 664 iurutur
1376 618 1393 662 a

244 702 386 778 barbaro,
410 705 443 766 et
470 700 552 767 ulter
579 701 668 780 dixit,
694 704 773 785 quia
796 704 918 769 iuratur
941 705 1138 771 conductori.
1163 705 1195 796 oi
1216 706 1312 771 etium
1336 706 1392 769 sul-

245 828 314 873 cum
343 809 421 873 mibi
450 807 530 873 dixit
555 808 622 887 ille,
653 808 708 891 qui
736 809 815 875 dixit
841 810 938 875 iurari
967 811 1163 887 conductori,
1187 812 1216 877 oi
1244 812 1307 877 iam
1334 830 1390 895 pro

244 914 313 992 hoc,
338 913 423 998 quod
446 913 551 983 solum
575 913 694 992 audiui,
719 933 780 980 non
805 915 903 981 debeo
927 917 975 981 uti
999 915 1038 981 de
1062 917 1141 1000 ipsis
1163 917 1311 1003 frugibus
1340 919 1391 982 nol

245 1022 282 1087 de
309 1021 411 1104 pretio
438 1021 579 1104 iptorum
607 1025 737 1104 propter
764 1022 909 1088 auditum
938 1024 1055 1102 solum,
1076 1025 1158 1113 ‚quio
1180 1023 1303 1089 dictum
1326 1029 1391 1089 est:

246 1127 393 1210 Siquis
414 1131 547 1193 autern
567 1127 734 1192 dixerit:
754 1128 842 1193 ‘Hoc
862 1129 1152 1196 immolaticium
1172 1129 1392 1206 1331110111,ι

245 1234 373 1299 nolite
395 1233 634 1325 munducare
658 1235 989 1319 propter-illum?
1013 1236 1040 1301 si
1064 1245 1169 1302 tomen
1195 1237 1291 1301 etium
1311 1238 1387 1302 baec

245 1359 338 1405 causa
374 1341 490 1406 similis
526 1343 578 1405 est
613 1359 728 1405 causae
757 1340 795 1405 de
822 1342 1054 1409 immolaticio?
1087 1342 1172 1425 quod
1202 1344 1230 1407 si
1256 1342 1303 1407 ita
1331 1349 1390 1407 eet.

245 1447 317 1528 quid
350 1447 449 1512 debeo
478 1447 517 1511 do
544 1447 624 1530 ipsis
653 1447 799 1532 frugibus
831 1449 882 1512 ool
910 1447 948 1513 de
976 1449 1078 1532 pretio
1101 1449 1243 1531 ipsarum
1268 1451 1390 1514 iacere?

203 1574 228 1612 ro
287 1553 342 1619 IV.
367 1552 401 1618 Si
430 1554 530 1619 debeo
559 1554 717 1637 requirere
746 1553 785 1618 do
817 1558 964 1639 utroque,
998 1555 1054 1638 qui
1084 1555 1164 1619 mibi
1197 1554 1286 1631 dixit,
1319 1555 1392 1640 quio

244 1668 302 1724 non
327 1660 449 1725 iuratur
470 1660 666 1737 conductori,
690 1664 747 1725 urit
770 1662 824 1744 qui
848 1660 937 1738 dixit,
960 1662 1034 1743 quia
1056 1661 1180 1727 iuratur
1198 1660 1392 1728 conductori.

244 1771 276 1831 et
302 1767 422 1831 dictum
453 1768 706 1850 uniuscuiusque
733 1767 865 1852 probare
888 1787 944 1850 per
965 1768 1078 1847 tostos,
1103 1769 1155 1851 qui
1179 1786 1292 1834 certum
1315 1766 1392 1832 dixit

245 1873 282 1937 de
308 1872 374 1937 illis
402 1874 539 1950 duobus,
563 1878 596 1938 et
618 1878 683 1938 turn
709 1874 764 1939 diu
789 1894 850 1940 non
875 1874 1056 1959 contingere
1079 1873 1221 1957 deipsis
1245 1874 1391 1959 frugibus

243 1980 294 2044 uel
326 1978 365 2044 de
395 1980 509 2063 pretio,
542 1999 638 2062 qurum
671 1980 725 2044 diu
763 1980 842 2045 mibi
881 1980 1049 2064 probatum
1081 1980 1188 2060 fucrit,
1221 1980 1250 2046 oi
1282 1999 1391 2049 urrunnu

201 2102 225 2143 u
244 2086 322 2151 dixit
343 2086 408 2164 ille,
432 2086 485 2170 qui
508 2085 597 2162 dixit,
621 2087 696 2169 quio
719 2106 778 2152 non
803 2086 1156 2153 iuraturconductori?

287 2194 325 2258 V.
350 2193 384 2259 Si
408 2194 571 2270 burburus,
602 2193 658 2275 qui
686 2213 742 2278 per
768 2194 982 2259 iuramentum
1018 2212 1113 2259 suum
1145 2193 1230 2259 iurat
1260 2193 1392 2268 malum,

243 2298 353 2365 fecerit
388 2300 480 2366 illum
518 2299 734 2365 Cluistianum
772 2300 998 2365 conductorem
1035 2300 1088 2365 uel
1125 2299 1300 2377 tribunum,
1338 2299 1390 2381 qui

243 2406 337 2471 limiti
368 2410 505 2488 praeest,
537 2406 640 2471 iuuere
674 2406 737 2472 sibi
769 2426 825 2490 pro
853 2406 914 2471 fide
942 2406 992 2471 illi
1019 2407 1175 2472 seruanda
1203 2424 1258 2490 pro
1287 2408 1391 2469 custo-

243 2512 365 2577 diendis
396 2511 543 2598 frugibus
575 2532 632 2595 per
662 2513 768 2597 ipsunt
802 2513 1016 2578 iuramentum
1048 2512 1191 2589 mortulo,
1224 2531 1280 2594 per
1307 2511 1391 2594 quod

197 2637 226 2677 ro
242 2617 310 2702 ipro
336 2620 431 2696 iurat,
461 2619 488 2683 si
517 2619 605 2685 solus
633 2619 687 2683 ille
717 2617 918 2684 Christianus
946 2618 1190 2701 coinquinatur?
1219 2618 1246 2682 si
1274 2637 1335 2683 non
1359 2622 1390 2681 ct

241 2725 307 2805 illa,
335 2744 470 2808 quorum
498 2744 594 2791 causa
620 2727 725 2789 iurat?
750 2730 806 2790 aut
829 2725 1035 2809 sinagonus,
1059 2723 1113 2807 qui
1136 2724 1234 2789 limiti
1256 2727 1391 2806 praeest,

242 2828 394 2897 tumuerit
415 2830 547 2898 barbaro
570 2831 711 2915 profide
735 2830 784 2895 illi
807 2830 964 2896 seruando
992 2849 1048 2913 per
1076 2831 1210 2896 mortale
1237 2830 1392 2894 iuramen-

241 2941 321 3014 tum,
350 2937 378 3002 si
405 2956 466 3002 non
493 2937 652 3020 inquinat,
680 2957 736 3019 pro
765 2937 882 3020 quibus
910 2936 1186 3019 iu1·at?siquorn
1210 2936 1326 3000 misero
1351 2934 1388 3000 ad

330 3095 348 3149 6
366 3094 380 3149 1
398 3094 461 3151 Cor.
481 3094 524 3158 10,
541 3097 578 3149 28

279 3237 290 3296 l
311 3234 432 3290 iuratum
449 3234 564 3288 burboro
583 3234 611 3287 Α
647 3236 664 3290 2
683 3234 842 3289 conductori
861 3251 911 3290 om.
930 3234 959 3289 R
979 3234 1136 3289 conductori
1153 3250 1215 3290 oum
1234 3250 1291 3288 ruo.
1309 3232 1389 3298 infru

241 3339 275 3377 uc
296 3329 322 3377 et
343 3339 431 3392 cupro
454 3324 669 3391 (remoturus.
693 3323 764 3388 uid.)
788 3324 825 3377 Μ
847 3322 981 3378 conditori
1003 3321 1059 3377 Fu
1167 3322 1266 3377 falsum
1289 3322 1332 3376 bic
1354 3321 1390 3375 M

239 3412 335 3481 3quil
355 3412 420 3480 quie
436 3410 525 3465 mu
542 3429 561 3464 c
632 3412 721 3465 iurare
740 3411 768 3467 R
840 3411 975 3466 conditori
993 3410 1084 3465 MFA
1154 3411 1236 3466 tuci
1253 3410 1345 3480 precio
1363 3408 1391 3464 R

241 3505 416 3571 §proptera
435 3500 470 3554 P¹
513 3499 640 3554 dautem
659 3501 720 3570 quis
738 3500 798 3553 edd*
854 3498 1066 3564 immolatitium,
1086 3502 1152 3557 nt?
1167 3499 1337 3554 immolatum
1352 3498 1389 3551 P¹

277 3595 320 3644 cot
337 3606 389 3644 ont.
406 3589 445 3643 ‘M
497 3588 621 3656 iillum]
641 3588 717 3642 iilum
737 3589 784 3658 qui
803 3586 937 3641 indicauit
955 3586 1015 3643 cdd.
1034 3604 1083 3642 ceo.
1103 3603 1174 3642 ocur.
1196 3588 1249 3642 litt.
1321 3588 1389 3642 hoec

241 3679 323 3732 etium
337 3677 452 3747 punctio
470 3693 539 3733 corr.
558 3675 596 3731 M
692 3676 809 3731 Secura
828 3691 879 3729 om.
899 3674 943 3739 Μ,
1041 3676 1132 3741 simili,
1151 3673 1391 3729 1,.1εῑιιιὶιῑεΡ1

243 3770 276 3822 1⁶2
294 3784 342 3836 per
360 3769 457 3835 testes]
477 3771 611 3836 purtcsteo
630 3764 661 3819 F
729 3766 785 3835 qui,
805 3765 950 3833 m.2quio
970 3764 1005 3818 P¹
1079 3764 1250 3818 diremntA
1307 3764 1340 3818 13
1361 3767 1390 3817 et

241 3859 310 3925 turn]
327 3856 409 3910 etium
428 3854 519 3909 ΜΗ
537 3855 637 3909 uetiam
658 3857 700 3920 (ue
720 3860 745 3908 ct
764 3854 773 3907 i
792 3869 863 3908 erae.
882 3857 942 3906 ccl
965 3868 1053 3922 cotnra
1078 3852 1144 3907 cdd.
1171 3855 1211 3920 et)
1230 3852 1267 3905 P¹
1305 3852 1339 3906 14
1357 3850 1391 3905 de

241 3943 449 4015 ipoobreticR
533 3943 678 4013 probatum
696 3942 763 3995 mibi
782 3941 810 3994 R
853 3927 912 3995 Ι18
931 3941 1013 3995 militi
1032 3940 1094 3995 MR
1166 3939 1389 4010 portentet)

245 4031 450 4102 otpertum
469 4032 526 4085 Aa
634 4031 689 4084 illio
712 4029 839 4083 ΜΙἾἉΡι
859 4034 884 4092 (o
902 4029 975 4098 erp.)
993 4028 1050 4083 Rc
1156 4026 1315 4082 seruandum
1335 4030 1391 4084 Ac

242 4122 278 4175 20
296 4121 508 4191 quoinquinutur
521 4121 549 4174 P
566 4120 756 4190 coinquinatus
771 4118 928 4174 MFAPut
946 4118 1138 4188 coinquinetur
1151 4118 1190 4171 uit
1203 4117 1262 4170 cdd.
1300 4118 1332 4169 21
1349 4117 1390 4169 iu·

243 4210 363 4279 ntttut
386 4214 503 4278 (portu
526 4225 586 4276 esp.
610 4212 684 4270 m.2)
708 4206 745 4260 Ρι
855 4206 935 4260 militi
958 4205 1019 4260 Ml?
1109 4206 1144 4257 22
1167 4204 1224 4258 illio
1248 4201 1391 4258 PMFAR

243 4295 278 4352 23
297 4297 425 4368 inquinet
441 4297 469 4350 P
485 4298 644 4366 coinquinat
662 4296 723 4351 edd.
