3309 4867
292 417 337 482 84
649 408 677 463 S.
704 407 844 463 Aureli
871 383 1091 476 Augndtini

291 607 442 672 nouimus
469 603 612 687 nihilque
638 601 811 685 petendum
839 603 899 681 est,
925 599 989 665 nisi
1015 602 1054 665 ut
1079 603 1112 666 to
1140 618 1195 682 pro
1223 600 1280 665 illo
1310 598 1461 664 adiuuet-

293 711 451 779 dominus.
475 728 579 775 amon.
613 773 615 776 ,

819 891 918 957 XLIL

294 1034 449 1091 DOMINIS
466 1030 736 1089 LAUDABILIBUS
748 1030 791 1087 IN
804 1029 960 1087 cualsuo
975 1029 1225 1088 sanctissima
1239 1031 1442 1090 FRATRIBUS

323 1122 485 1179 PAULINO
501 1120 545 1177 111
560 1117 766 1175 unanaslau
778 1116 1009 1174 accusamus
1023 1117 1065 1174 m
1077 1116 1225 1176 DOMINO
1239 1120 1416 1181 sancum.
1473 1150 1488 1188 a

339 1249 426 1315 Num
449 1248 546 1314 otiam
570 1245 631 1311 hoo
654 1243 774 1328 spanni
797 1246 854 1308 ant
871 1244 1029 1327 expectari
1046 1246 1169 1328 posset,
1186 1249 1225 1312 ut
1242 1266 1299 1330 per
1315 1246 1443 1313 datram

296 1353 453 1423 Seuerum
474 1352 628 1437 rescripta
648 1350 867 1435 flagitaremus
889 1355 955 1421 tam
979 1348 1035 1416 diu
1056 1352 1125 1415 tam
1147 1351 1330 1418 ardentibus
1353 1353 1444 1419 nobis

296 1463 453 1526 anostra
480 1458 612 1525 caritate
638 1475 700 1522 non
728 1454 873 1520 reddita?
900 1453 978 1538 quid
1009 1458 1071 1533 est,
1103 1457 1159 1540 qui
1193 1457 1272 1523 duas
1305 1461 1444 1524 aestates

297 1565 488 1648 easdemque
514 1565 547 1629 in
574 1563 683 1628 Africa
705 1562 793 1627 sitire
817 1565 991 1646 cogamur?
1015 1561 1093 1646 quid
1115 1562 1254 1648 amplias
1272 1564 1402 1631 'dinami
1426 1584 1445 1630 o

297 1672 352 1756 qui
383 1689 435 1737 res
467 1674 591 1736 uestras
624 1667 741 1734 cotidie
774 1666 912 1746 donatis,
943 1666 1089 1734 debitum
1119 1667 1253 1736 reddite.
1284 1688 1326 1737 an
1352 1670 1443 1748 forte,
1464 1698 1513 1738 ιο.

296 1777 382 1863 quod
414 1776 569 1843 aduensus
601 1773 837 1841 daemonicolas
866 1775 902 1839 -to
932 1773 1071 1840 scribere
1102 1773 1264 1841 audieram
1290 1779 1386 1861 atquo
1412 1775 1446 1842 id

298 1903 378 1968 opus
405 1884 612 1948 uehementer
639 1880 815 1946 desiderare
842 1897 894 1944 me
921 1879 1132 1963 ostenderam,
1158 1881 1271 1948 uolens
1298 1881 1447 1966 perdocto

297 2007 335 2054 oc
362 1989 489 2056 mittere
515 1991 605 2054 tanto
632 1991 775 2071 tempore
799 1985 840 2050 ad
861 2003 923 2051 nos
943 1987 1100 2068 epistulae
1123 1986 1301 2054 distulisti?
1324 1989 1445 2054 utinam

298 2097 414 2161 saltem
437 2097 504 2159 tam
527 2092 634 2177 opima
655 2110 767 2158 mensa
789 2089 853 2154 iam
876 2109 1031 2156 annosum
1054 2092 1095 2157 ab
1118 2089 1194 2158 stilo
1217 2097 1274 2160 tuo
1292 2093 1446 2159 ieiunium

297 2220 406 2266 meum
442 2199 571 2264 tandem
609 2197 763 2282 accipias!
797 2214 879 2279 quae
916 2195 945 2264 ai
979 2195 1121 2263 nondum
1152 2204 1263 2283 parata
1293 2201 1354 2277 cst,
1385 2216 1446 2265 non
1466 2225 1493 2266 ιι

300 2306 483 2372 desinemus
511 2305 673 2387 conqueri,
701 2303 729 2368 ai
757 2322 826 2378 nos,
855 2300 932 2367 dum
958 2302 1040 2368 illud
1066 2303 1204 2387 perficis,
1224 2289 1292 2371 non
1320 2304 1447 2369 interim

301 2411 416 2477 reficis.

346 2516 489 2582 Salutate
521 2515 645 2593 tanos,
678 2514 813 2578 maxime
844 2514 1023 2581 Romanum
1056 2504 1449 2599 clementinam

301 2621 467 2687 nobiscum
494 2624 580 2698 sunt,
607 2605 667 2685 uo'a
695 2619 839 2686 salutant
865 2624 897 2686 et
922 2639 1034 2706 parum
1061 2619 1229 2687 nobiscum
1259 2621 1448 2695 irascuntur,

301 2727 330 2791 si
352 2745 464 2810 parum
487 2725 635 2811 diligunt
1467 2754 1494 2794 ao

339 2969 352 3022 l
374 2971 418 3022 eat
434 2983 496 3034 on„
514 2969 581 3022 Μ
599 2966 665 3022 odd
683 2965 722 3021 1²¹

570 3091 600 3144 P
627 3115 661 3137 =
680 3090 738 3146 cod.
757 3089 911 3145 Parisinus
927 3093 1015 3145 11641
1032 3107 1053 3145 a.
1077 3089 1127 3144 VI.

570 3179 601 3233 E
623 3201 659 3225 =
677 3176 736 3235 eod.
757 3175 1009 3233 Otelteocloommo'e
1027 3180 1104 3233 2173
1119 3193 1143 3233 a.
1161 3179 1198 3234 X.

392 3299 473 3355 Haeo
489 3299 610 3368 widula
628 3316 662 3354 ac
678 3299 737 3356 cod.
755 3297 785 3353 P
795 3301 920 3369 minoem
937 3300 1014 3354 edito
1032 3305 1073 3355 est
1090 3317 1110 3355 o
1126 3299 1281 3355 Mescinio.

338 3469 356 3523 6
375 3483 484 3538 operm
501 3472 551 3523 aut
570 3473 725 3539 exspectare
742 3466 801 3522 PE
816 3467 920 3538 sperari
938 3472 986 3522 aut
1004 3468 1154 3538 exspectari
1172 3484 1199 3521 m
1293 3469 1312 3523 8
1329 3455 1404 3523 ιιῖιιιιι
1422 3467 1454 3522 Ε

340 3555 399 3625 qui]
419 3554 528 3625 quoda
600 3560 714 3621 aetates,
732 3571 802 3611 corr.
823 3559 943 3611 notatos
961 3557 989 3610 P
1043 3556 1077 3610 12
1097 3554 1248 3611 dealdcraro
1267 3557 1323 3628 me]
1342 3555 1450 3610 deside·

303 3659 377 3698 rame
395 3643 426 3698 Ε
478 3646 512 3699 14
530 3643 643 3699 sal-tem
662 3644 734 3714 &aa
751 3649 780 3711 u)
799 3644 827 3698 P
898 3646 1003 3716 optima
1019 3643 1078 3698 PE
1093 3645 1220 3715 opimam
1288 3646 1320 3700 15
1338 3642 1451 3699 taudem

301 3748 393 3790 om
464 3732 618 3804 excipiam
