3309 4867
609 403 879 473 epistularum
906 400 986 457 XCV.
1307 404 1373 467 511

221 597 266 662 ibi
295 597 378 663 enim
413 597 475 661 etsi
509 594 670 661 nescimus
705 613 786 678 quae
818 595 900 660 bona
927 594 1034 660 futura
1063 599 1148 673 sunt,
1180 599 1286 660 tannen
1314 613 1373 659 non

221 721 321 795 parua
342 702 374 767 in
398 702 432 766 re
456 701 533 767 certi
557 719 680 779 sumus,
705 701 791 785 quod
812 700 877 766 ista
899 701 983 767 mala
1005 701 1050 765 ibi
1073 720 1134 765 non
1158 704 1258 766 eruut

117 810 143 874 6
266 808 315 873 De
344 807 466 893 agenda
493 826 568 892 crgo
596 807 661 872 ista
683 806 860 891 temporali
892 806 959 873 uita
992 825 1029 873 oo
1061 806 1167 884 modo,
1198 825 1375 889 perquem

223 914 415 980 ueniendum
449 917 499 980 est
531 912 570 978 ad
603 917 774 991 aeternam,
811 913 888 979 noui
926 913 1198 997 concupiscentias
1221 913 1376 978 'candos

190 1033 294 1087 ⁶esse
322 1020 489 1086 frenandas
517 1024 707 1122 tantumque
734 1020 967 1095 remittendum
987 1021 1020 1085 in
1047 1021 1274 1087 delectationes
1308 1038 1376 1086 serr-

223 1146 330 1192 sunm
348 1128 570 1209 corporalium,
604 1129 757 1208 qnantum
790 1126 1018 1192 sustentandae
1049 1128 1146 1193 huius
1174 1125 1376 1212 agendaeque

216 1233 311 1301 ‚uitae
339 1232 418 1297 satis
448 1235 508 1309 est,
542 1250 715 1315 omnesque
743 1231 912 1297 molestias-
935 1232 1127 1314 temporales
1158 1252 1214 1317 pro
1241 1231 1378 1335 peritate

223 1337 275 1403 dei
303 1340 337 1404 et
364 1338 468 1403 salute
495 1342 623 1404 aeterna
650 1342 759 1403 nostra
786 1341 818 1403 et
845 1338 978 1421 proximi
1011 1338 1167 1423 patienter
1191 1337 1378 1421 fortiterque

224 1443 415 1512 tolerandas.
452 1445 529 1510 noni
561 1444 658 1523 etiam
690 1444 831 1528 proximo
865 1443 903 1510 ad
936 1445 998 1510 hoo
1030 1444 1259 1511 consulendum
1293 1443 1378 1508 omni
1431 1461 1434 1468 ·

177 1567 205 1607 ιο
225 1552 333 1617 studio
353 1542 568 1630 enuntiant
591 1551 687 1616 istam
711 1551 811 1617 uitam
835 1554 920 1616 recte
943 1555 1033 1636 gerat
1054 1555 1182 1636 proptor
1205 1553 1377 1626 aetemamr

224 1660 446 1744 praeponenda
470 1659 566 1725 etiunr
590 1659 682 1724 nobis
708 1658 864 1742 spiritalia
889 1658 1079 1741 carnalibus,
1107 1657 1381 1724 incommutabilia

226 1769 436 1834 mutabilibus
451 1774 483 1833 et
501 1766 579 1832 hacc
596 1761 702 1831 omnia
715 1768 805 1831 tanto
820 1764 922 1851 magis
938 1764 1085 1831 minusne
1099 1783 1194 1850 posse
1208 1764 1378 1841 bominem,

226 1878 345 1956 quanto
373 1873 477 1958 magis
505 1872 656 1937 minusne
680 1870 852 1935 adluuntur
879 1870 981 1953 grstia
1004 1871 1054 1937 dei
1081 1891 1138 1956 por
1159 1872 1267 1937 Ieenrn
1291 1868 1379 1937 chri-

227 1986 314 2047 stum
342 1981 506 2047 dominum
535 1981 691 2044 nostrum.
727 1979 919 2042 curantem
951 1976 1005 2043 ille
1037 1979 1084 2043 sio
1111 1978 1166 2043 illo
1193 1981 1300 2045 autem
1333 1978 1380 2042 sic

178 2096 207 2139 1⁵
226 2087 396 2153 adiuuetur
423 2085 477 2151 uel
500 2104 561 2151 non
586 2084 766 2163 adiunctur,
795 2083 919 2160 nescim
946 2084 981 2150 id
1003 2088 1110 2150 tamen
1133 2081 1228 2150 doum
1256 2101 1380 2150 summa

227 2193 353 2276 sibique
384 2197 461 2258 nota
492 2192 652 2274 aequitate
685 2190 788 2256 iacere
821 2190 898 2257 scio.
935 2195 1064 2279 propter
1094 2191 1151 2257 illa
1181 2208 1267 2269 uero,
1300 2208 1380 2273 quae

228 2317 325 2382 supra
356 2296 614 2373 commemoraui,
653 2315 749 2380 quem
781 2296 821 2361 ad
841 2294 984 2361 'modum
1015 2296 1192 2363 uiuendum
1230 2296 1273 2362 sit
1305 2314 1379 2361 cnm

230 2403 424 2478 hominibus,
447 2402 572 2485 siquid
595 2401 656 2466 tibi
675 2401 873 2485 exploratum
896 2401 1009 2485 liquot,
1034 2401 1131 2468 edoce
1149 2420 1210 2478 rue,
1235 2402 1380 2478 obseor03

229 2510 279 2575 sin
302 2515 335 2575 et
358 2513 390 2574 to
418 2509 463 2573 ita
487 2514 525 2574 nt
548 2528 598 2575 me
622 2512 753 2574 mouent
779 2508 854 2585 ista,
882 2507 988 2574 confer
1011 2527 1047 2574 ea
1070 2527 1144 2573 cunr
1167 2508 1271 2592 aliquo
1295 2527 1383 2575 man·

180 2632 208 2672 ιο
230 2621 322 2681 sueto
355 2614 460 2681 cordis
493 2614 628 2692 uredioo,
662 2617 731 2678 siue
763 2614 830 2679 illio
863 2614 1032 2693 inueneris,
1064 2614 1121 2680 ubi
1153 2614 1279 2699 degitis,
1312 2614 1381 2679 siue

229 2741 304 2788 cum
331 2721 466 2788 Rarum
495 2725 562 2787 toto
592 2722 806 2787 anniuersario
838 2721 983 2805 pergitis,
1016 2726 1058 2800 et,
1090 2720 1176 2804 quod
1207 2740 1264 2805 per
1289 2720 1382 2785 illum

228 2828 289 2894 tibi
320 2828 504 2912 loquentem
538 2847 596 2894 seu
624 2828 717 2894 uobis
746 2828 1010 2911 conloquentibus
1039 2827 1186 2893 dominus
1213 2826 1381 2923 operuerit,

229 2936 333 3003 scribo
355 2935 444 3003 milri.
483 2961 485 2965 ·

129 3045 152 3109 7
275 3042 323 3108 De
354 3041 584 3108 resurrectione
617 3044 723 3106 autem
753 3060 919 3124 corporum
952 3039 1227 3121 membrorumque
1258 3038 1290 3104 in
1327 3038 1383 3104 illa

182 3165 210 3207 rs
229 3147 466 3231 incorruptione
508 3150 603 3231 atque
644 3145 872 3213 inmortalitate
919 3146 1035 3211 tuturis
1078 3146 1191 3211 officiis
1233 3144 1383 3229 quoniam

230 3252 375 3317 uicissim
403 3271 454 3316 me
483 3250 695 3334 interrogasti,
725 3250 801 3333 qnid
829 3250 975 3329 sentiam,
1008 3249 1083 3315 andi
1110 3249 1259 3325 breuiter,
1287 3248 1382 3333 quod,

231 3358 259 3422 si
279 3375 339 3422 non
359 3357 439 3423 satis
457 3357 528 3433 erit,
547 3356 674 3437 poterit,
695 3357 723 3422 si
742 3356 1077 3434 dominus-adiuuerit,
1101 3357 1197 3422 latius
1217 3355 1383 3441 disputari.

231 3465 412 3530 firmissime
445 3465 616 3531 tenendum
649 3466 709 3541 est,
742 3463 826 3529 unde
860 3463 1034 3546 scripturae
1067 3467 1194 3529 sanctae
1225 3481 1321 3528 ueras
1353 3464 1384 3526 et

232 3572 317 3635 clara
345 3571 504 3636 sententia
527 3575 586 3647 est,
614 3569 757 3635 nisibilia
785 3570 846 3635 ista
871 3588 1001 3653 corpora
1024 3573 1119 3653 atque
1142 3573 1275 3643 terrena,
1303 3586 1383 3650 quae

182 3701 212 3741 oo
232 3694 316 3742 nuno
356 3677 505 3742 anirnalia
543 3676 700 3753 dicuntur,
743 3676 900 3760 spiritalia
940 3676 1048 3740 iulum
1088 3676 1119 3741 in
1157 3675 1383 3742 resurrections

322 3903 390 3959 281
410 3903 471 3963 Cor.
493 3907 534 3967 lo,
553 3906 589 3960 44

271 4029 284 4082 1
306 4045 358 4099 qua
376 4027 405 4082 P
484 4045 539 4083 non
558 4036 724 4083 tamennon
744 4035 828 4099 perun
847 4042 875 4082 re
895 4027 922 4080 P
940 4043 993 4081 non
1012 4030 1103 4081 tomen
1124 4025 1157 4080 de
1176 4041 1261 4096 parua
1278 4040 1307 4078 re
1332 4022 1396 4079 Vo‘.

232 4115 309 4183 edd.;
326 4116 428 4186 ratpot
445 4120 536 4171 tamen
556 4132 609 4171 non
629 4131 714 4186 parua
732 4115 760 4169 in
778 4132 807 4169 re
880 4118 897 4170 5
917 4113 1107 4171 delectationis
1126 4115 1153 4168 P
1169 4113 1353 4167 delectatione
1371 4123 1385 4161 a

232 4206 249 4259 6
268 4203 361 4273 huius]
381 4203 536 4259 huiusmodi
562 4204 617 4260 Vc
635 4204 695 4259 edd.
788 4206 819 4258 il
840 4203 1015 4275 proponenda
1039 4204 1064 4257 V
1153 4202 1188 4256 22
1206 4200 1336 4271 loquente
1356 4218 1384 4254 sc

231 4291 312 4346 uobis
331 4292 358 4347 P
425 4294 582 4365 apparuerit
601 4289 659 4348 lar
679 4295 720 4360 (in
739 4309 824 4361 oraru.
847 4295 917 4345 coni⁴
939 4293 1085 4362 aperuerit»
