<?xml version="1.0" encoding="UTF-8"?>
<!DOCTYPE html PUBLIC "-//W3C//DTD XHTML 1.0 Transitional//EN"
    "http://www.w3.org/TR/xhtml1/DTD/xhtml1-transitional.dtd">
<html xmlns="http://www.w3.org/1999/xhtml" xml:lang="en" lang="en">
 <head>
  <title>
</title>
<meta http-equiv="Content-Type" content="text/html;charset=utf-8" />
  <meta name='ocr-system' content='tesseract 3.04.00' />
  <meta name='ocr-capabilities' content='ocr_page ocr_carea ocr_par ocr_line ocrx_word'/>
</head>
<body>
  <div class='ocr_page' id='page_1' title='image "./savreliavgvstin00goldgoog_0440.png"; bbox 0 0 3309 4867; ppageno 0'>
   <div class='ocr_carea' id='block_1_1' title="bbox 281 326 1123 439">
    <p class='ocr_par' dir='ltr' id='par_1_1' title="bbox 281 326 1123 439">
     <span class='ocr_line' id='line_1_1' title="bbox 281 326 1123 439; baseline -0.015 -35"><span class='ocrx_word' id='word_1_1' title='bbox 281 331 347 403; x_wconf 73' lang='lat'><strong>418</strong></span> <span class='ocrx_word' id='word_1_2' title='bbox 631 334 659 393; x_wconf 79' lang='grc'><strong>8.</strong></span> <span class='ocrx_word' id='word_1_3' title='bbox 687 326 828 393; x_wconf 75' lang='lat' dir='ltr'><strong>Aureli</strong></span> <span class='ocrx_word' id='word_1_4' title='bbox 854 336 1078 439; x_wconf 55' lang='lat' dir='ltr'><strong>Auguqtini</strong></span> <span class='ocrx_word' id='word_1_5' title='bbox 1118 384 1123 391; x_wconf 91' lang='lat'>.</span> 
     </span>
    </p>
   </div>
   <div class='ocr_carea' id='block_1_2' title="bbox 175 530 1494 3167">
    <p class='ocr_par' dir='ltr' id='par_1_2' title="bbox 175 530 1494 3167">
     <span class='ocr_line' id='line_1_2' title="bbox 281 530 1439 617; baseline 0.003 -22"><span class='ocrx_word' id='word_1_6' title='bbox 281 533 315 595; x_wconf 88' lang='lat' dir='ltr'><strong>at</strong></span> <span class='ocrx_word' id='word_1_7' title='bbox 339 530 561 602; x_wconf 64' lang='lat' dir='ltr'><strong>Praetextatus</strong></span> <span class='ocrx_word' id='word_1_8' title='bbox 589 530 798 599; x_wconf 79' lang='lat' dir='ltr'><strong>hssuritanus</strong></span> <span class='ocrx_word' id='word_1_9' title='bbox 831 549 888 615; x_wconf 87' lang='lat' dir='ltr'><strong>per</strong></span> <span class='ocrx_word' id='word_1_10' title='bbox 918 534 987 599; x_wconf 87' lang='lat' dir='ltr'><strong>tam</strong></span> <span class='ocrx_word' id='word_1_11' title='bbox 1016 530 1152 617; x_wconf 78' lang='lat' dir='ltr'><strong>longum</strong></span> <span class='ocrx_word' id='word_1_12' title='bbox 1177 535 1307 616; x_wconf 89' lang='lat' dir='ltr'><strong>tempus</strong></span> <span class='ocrx_word' id='word_1_13' title='bbox 1333 532 1439 617; x_wconf 89' lang='lat' dir='ltr'><strong>bapti·</strong></span> 
     </span>
     <span class='ocr_line' id='line_1_3' title="bbox 280 637 1440 724; baseline 0.002 -21"><span class='ocrx_word' id='word_1_14' title='bbox 280 642 440 718; x_wconf 84' lang='lat' dir='ltr'><strong>nauarent,</strong></span> <span class='ocrx_word' id='word_1_15' title='bbox 473 639 598 721; x_wconf 92' lang='lat' dir='ltr'><strong>quando</strong></span> <span class='ocrx_word' id='word_1_16' title='bbox 631 646 687 705; x_wconf 86' lang='lat' dir='ltr'><strong>sos</strong></span> <span class='ocrx_word' id='word_1_17' title='bbox 714 657 771 724; x_wconf 72' lang='lat' dir='ltr'><strong>per</strong></span> <span class='ocrx_word' id='word_1_18' title='bbox 796 637 941 706; x_wconf 90' lang='lat' dir='ltr'><strong>ludicum</strong></span> <span class='ocrx_word' id='word_1_19' title='bbox 968 637 1059 704; x_wconf 89' lang='lat' dir='ltr'><strong>iussa</strong></span> <span class='ocrx_word' id='word_1_20' title='bbox 1084 638 1125 723; x_wconf 91' lang='lat' dir='ltr'><strong>de</strong></span> <span class='ocrx_word' id='word_1_21' title='bbox 1151 638 1295 710; x_wconf 77' lang='lat' dir='ltr'><strong>basilicis</strong></span> <span class='ocrx_word' id='word_1_22' title='bbox 1317 639 1440 723; x_wconf 86' lang='lat' dir='ltr'><strong>pollere</strong></span> 
     </span>
     <span class='ocr_line' id='line_1_4' title="bbox 282 742 1441 830; baseline -0.001 -19"><span class='ocrx_word' id='word_1_23' title='bbox 282 743 491 824; x_wconf 69' lang='lat' dir='ltr'><strong>conabamini,</strong></span> <span class='ocrx_word' id='word_1_24' title='bbox 533 744 609 828; x_wconf 89' lang='lat' dir='ltr'><strong>qnia</strong></span> <span class='ocrx_word' id='word_1_25' title='bbox 643 742 836 810; x_wconf 73' lang='lat' dir='ltr'><strong>Maximiano</strong></span> <span class='ocrx_word' id='word_1_26' title='bbox 878 743 1164 824; x_wconf 83' lang='lat' dir='ltr'><strong>communicabant,</strong></span> <span class='ocrx_word' id='word_1_27' title='bbox 1207 764 1280 811; x_wconf 87' lang='lat' dir='ltr'><strong>cum</strong></span> <span class='ocrx_word' id='word_1_28' title='bbox 1318 764 1380 830; x_wconf 92' lang='lat' dir='ltr'><strong>quo</strong></span> <span class='ocrx_word' id='word_1_29' title='bbox 1420 764 1441 810; x_wconf 93' lang='lat' dir='ltr'><strong>a</strong></span> 
     </span>
     <span class='ocr_line' id='line_1_5' title="bbox 281 849 1440 937; baseline 0.002 -20"><span class='ocrx_word' id='word_1_30' title='bbox 281 849 375 918; x_wconf 87' lang='lat' dir='ltr'><strong>uobis</strong></span> <span class='ocrx_word' id='word_1_31' title='bbox 406 851 439 917; x_wconf 93' lang='lat' dir='ltr'><strong>in</strong></span> <span class='ocrx_word' id='word_1_32' title='bbox 472 849 613 917; x_wconf 89' lang='lat' dir='ltr'><strong>concilio·</strong></span> <span class='ocrx_word' id='word_1_33' title='bbox 634 849 811 936; x_wconf 78' lang='lat' dir='ltr'><strong>Bagaitano</strong></span> <span class='ocrx_word' id='word_1_34' title='bbox 841 870 988 934; x_wconf 70' lang='lat' dir='ltr'><strong>expresse</strong></span> <span class='ocrx_word' id='word_1_35' title='bbox 1013 850 1264 937; x_wconf 75' lang='lat' dir='ltr'><strong>nominatimque</strong></span> <span class='ocrx_word' id='word_1_36' title='bbox 1295 851 1440 919; x_wconf 77' lang='lat' dir='ltr'><strong>dmuati</strong></span> 
     </span>
     <span class='ocr_line' id='line_1_6' title="bbox 280 955 1494 1042; baseline 0.001 -18"><span class='ocrx_word' id='word_1_37' title='bbox 280 961 367 1024; x_wconf 81' lang='lat' dir='ltr'><strong>sunt</strong></span> <span class='ocrx_word' id='word_1_38' title='bbox 389 975 472 1041; x_wconf 85' lang='lat' dir='ltr'><strong>quaa</strong></span> <span class='ocrx_word' id='word_1_39' title='bbox 496 956 603 1023; x_wconf 91' lang='lat' dir='ltr'><strong>omnia</strong></span> <span class='ocrx_word' id='word_1_40' title='bbox 626 957 729 1042; x_wconf 72' lang='lat' dir='ltr'><strong>pestis</strong></span> <span class='ocrx_word' id='word_1_41' title='bbox 752 955 957 1026; x_wconf 83' lang='lat' dir='ltr'><strong>iudicialibus</strong></span> <span class='ocrx_word' id='word_1_42' title='bbox 981 960 1015 1027; x_wconf 87' lang='lat' dir='ltr'><strong>st</strong></span> <span class='ocrx_word' id='word_1_43' title='bbox 1036 957 1285 1042; x_wconf 78' lang='lat' dir='ltr'><strong>municipalibus</strong></span> <span class='ocrx_word' id='word_1_44' title='bbox 1309 956 1440 1026; x_wconf 90' lang='lat' dir='ltr'><strong>demon·</strong></span> <span class='ocrx_word' id='word_1_45' title='bbox 1474 978 1494 1018; x_wconf 74' lang='lat' dir='ltr'><strong>a</strong></span> 
     </span>
     <span class='ocr_line' id='line_1_7' title="bbox 281 1055 1440 1150; baseline 0.001 -20"><span class='ocrx_word' id='word_1_46' title='bbox 281 1067 430 1141; x_wconf 76' lang='lat' dir='ltr'><strong>amamus,</strong></span> <span class='ocrx_word' id='word_1_47' title='bbox 469 1062 525 1135; x_wconf 79' lang='lat' dir='ltr'><strong>uhi</strong></span> <span class='ocrx_word' id='word_1_48' title='bbox 562 1065 596 1129; x_wconf 85' lang='lat' dir='ltr'><strong>et</strong></span> <span class='ocrx_word' id='word_1_49' title='bbox 630 1064 738 1147; x_wconf 85' lang='lat' dir='ltr'><strong>ipsum</strong></span> <span class='ocrx_word' id='word_1_50' title='bbox 771 1055 943 1130; x_wconf 76' lang='lat' dir='ltr'><strong>oonmhum</strong></span> <span class='ocrx_word' id='word_1_51' title='bbox 976 1065 1119 1130; x_wconf 78' lang='lat' dir='ltr'><strong>nastrum</strong></span> <span class='ocrx_word' id='word_1_52' title='bbox 1151 1063 1327 1150; x_wconf 71' lang='lat' dir='ltr'><strong>allegastis,</strong></span> <span class='ocrx_word' id='word_1_53' title='bbox 1360 1064 1440 1131; x_wconf 91' lang='lat' dir='ltr'><strong>dum</strong></span> 
     </span>
     <span class='ocr_line' id='line_1_8' title="bbox 199 1154 1443 1261; baseline -0.001 -23"><span class='ocrx_word' id='word_1_54' title='bbox 199 1154 205 1170; x_wconf 76' lang='grc'><strong><em>’</em></strong></span> <span class='ocrx_word' id='word_1_55' title='bbox 278 1162 383 1261; x_wconf 72' lang='grc' dir='ltr'>ιιιιΙιίε</span> <span class='ocrx_word' id='word_1_56' title='bbox 412 1166 582 1238; x_wconf 76' lang='lat' dir='ltr'><strong>&#39;iudicibus</strong></span> <span class='ocrx_word' id='word_1_57' title='bbox 620 1169 798 1251; x_wconf 86' lang='lat' dir='ltr'><strong>ostendere,</strong></span> <span class='ocrx_word' id='word_1_58' title='bbox 837 1169 923 1254; x_wconf 89' lang='lat' dir='ltr'><strong>qnod</strong></span> <span class='ocrx_word' id='word_1_59' title='bbox 964 1169 1190 1240; x_wconf 82' lang='lat' dir='ltr'><strong>schismaticos</strong></span> <span class='ocrx_word' id='word_1_60' title='bbox 1231 1173 1355 1259; x_wconf 65' lang='lat' dir='ltr'><strong>naahas</strong></span> <span class='ocrx_word' id='word_1_61' title='bbox 1397 1171 1443 1237; x_wconf 88' lang='lat' dir='ltr'><strong>da</strong></span> 
     </span>
     <span class='ocr_line' id='line_1_9' title="bbox 281 1274 1439 1360; baseline 0.002 -18"><span class='ocrx_word' id='word_1_62' title='bbox 281 1276 424 1345; x_wconf 78' lang='lat' dir='ltr'><strong>basilicis</strong></span> <span class='ocrx_word' id='word_1_63' title='bbox 447 1274 621 1360; x_wconf 82' lang='lat' dir='ltr'><strong>pelleretis.</strong></span> <span class='ocrx_word' id='word_1_64' title='bbox 646 1280 679 1341; x_wconf 87' lang='lat' dir='ltr'><strong>ot</strong></span> <span class='ocrx_word' id='word_1_65' title='bbox 701 1280 819 1357; x_wconf 77' lang='lat' dir='ltr'><strong>tmen,</strong></span> <span class='ocrx_word' id='word_1_66' title='bbox 844 1277 901 1360; x_wconf 90' lang='lat' dir='ltr'><strong>qni</strong></span> <span class='ocrx_word' id='word_1_67' title='bbox 917 1276 962 1343; x_wconf 87' lang='lat' dir='ltr'><strong>ab</strong></span> <span class='ocrx_word' id='word_1_68' title='bbox 987 1276 1058 1360; x_wconf 87' lang='lat' dir='ltr'><strong>ipso</strong></span> <span class='ocrx_word' id='word_1_69' title='bbox 1081 1279 1203 1344; x_wconf 89' lang='lat' dir='ltr'><strong>semine</strong></span> <span class='ocrx_word' id='word_1_70' title='bbox 1225 1277 1380 1358; x_wconf 78' lang='lat' dir='ltr'><strong>Abrahae,</strong></span> <span class='ocrx_word' id='word_1_71' title='bbox 1396 1274 1439 1344; x_wconf 68' lang='lat' dir='ltr'><strong>&#39;in</strong></span> 
     </span>
     <span class='ocr_line' id='line_1_10' title="bbox 282 1379 1440 1468; baseline -0.003 -19"><span class='ocrx_word' id='word_1_72' title='bbox 282 1401 345 1467; x_wconf 90' lang='lat' dir='ltr'><strong>quo</strong></span> <span class='ocrx_word' id='word_1_73' title='bbox 378 1397 534 1451; x_wconf 87' lang='lat' dir='ltr'><strong>omues·</strong></span> <span class='ocrx_word' id='word_1_74' title='bbox 551 1385 692 1468; x_wconf 83' lang='lat' dir='ltr'><strong>gentes</strong></span> <span class='ocrx_word' id='word_1_75' title='bbox 724 1379 1038 1461; x_wconf 71' lang='lat' dir='ltr'><strong>benedicuntur,</strong></span> <span class='ocrx_word' id='word_1_76' title='bbox 1070 1383 1214 1449; x_wconf 80' lang='lat' dir='ltr'><strong>schisma</strong></span> <span class='ocrx_word' id='word_1_77' title='bbox 1239 1383 1374 1462; x_wconf 80' lang='lat' dir='ltr'><strong>fecisds,</strong></span> <span class='ocrx_word' id='word_1_78' title='bbox 1397 1381 1440 1447; x_wconf 92' lang='lat' dir='ltr'><strong>de</strong></span> 
     </span>
     <span class='ocr_line' id='line_1_11' title="bbox 280 1487 1490 1576; baseline -0.002 -20"><span class='ocrx_word' id='word_1_79' title='bbox 280 1488 424 1557; x_wconf 86' lang='lat' dir='ltr'><strong>basilicis</strong></span> <span class='ocrx_word' id='word_1_80' title='bbox 455 1487 535 1571; x_wconf 89' lang='lat' dir='ltr'><strong>pelli</strong></span> <span class='ocrx_word' id='word_1_81' title='bbox 567 1502 637 1567; x_wconf 79' lang='lat' dir='ltr'><strong>non</strong></span> <span class='ocrx_word' id='word_1_82' title='bbox 656 1489 759 1576; x_wconf 87' lang='lat' dir='ltr'><strong>uultis</strong></span> <span class='ocrx_word' id='word_1_83' title='bbox 786 1506 850 1554; x_wconf 89' lang='lat' dir='ltr'><strong>non</strong></span> <span class='ocrx_word' id='word_1_84' title='bbox 876 1488 1090 1573; x_wconf 78' lang='lat' dir='ltr'><strong>periodicas,</strong></span> <span class='ocrx_word' id='word_1_85' title='bbox 1114 1489 1201 1555; x_wconf 89' lang='lat' dir='ltr'><strong>sicut</strong></span> <span class='ocrx_word' id='word_1_86' title='bbox 1222 1487 1439 1555; x_wconf 87' lang='lat' dir='ltr'><strong>schismaticis</strong></span> <span class='ocrx_word' id='word_1_87' title='bbox 1458 1513 1490 1553; x_wconf 78' lang='grc' dir='ltr'><strong>ιο</strong></span> 
     </span>
     <span class='ocr_line' id='line_1_12' title="bbox 278 1592 1441 1682; baseline -0.002 -20"><span class='ocrx_word' id='word_1_88' title='bbox 278 1594 399 1662; x_wconf 86' lang='lat' dir='ltr'><strong>uestris</strong></span> <span class='ocrx_word' id='word_1_89' title='bbox 420 1613 481 1669; x_wconf 85' lang='lat' dir='ltr'><strong>nos</strong></span> <span class='ocrx_word' id='word_1_90' title='bbox 504 1592 640 1675; x_wconf 81' lang='lat' dir='ltr'><strong>facistis,</strong></span> <span class='ocrx_word' id='word_1_91' title='bbox 664 1596 722 1663; x_wconf 87' lang='lat' dir='ltr'><strong>sad</strong></span> <span class='ocrx_word' id='word_1_92' title='bbox 743 1614 801 1680; x_wconf 88' lang='lat' dir='ltr'><strong>per</strong></span> <span class='ocrx_word' id='word_1_93' title='bbox 821 1595 912 1681; x_wconf 90' lang='lat' dir='ltr'><strong>ipsos</strong></span> <span class='ocrx_word' id='word_1_94' title='bbox 939 1615 1032 1681; x_wconf 80' lang='lat' dir='ltr'><strong>rogos</strong></span> <span class='ocrx_word' id='word_1_95' title='bbox 1056 1600 1173 1675; x_wconf 82' lang='lat' dir='ltr'><strong>lemae,</strong></span> <span class='ocrx_word' id='word_1_96' title='bbox 1196 1597 1253 1682; x_wconf 89' lang='lat' dir='ltr'><strong>qui</strong></span> <span class='ocrx_word' id='word_1_97' title='bbox 1279 1596 1441 1681; x_wconf 87' lang='lat' dir='ltr'><strong>completa</strong></span> 
     </span>
     <span class='ocr_line' id='line_1_13' title="bbox 236 1699 1440 1787; baseline -0.001 -19"><span class='ocrx_word' id='word_1_98' title='bbox 236 1745 244 1759; x_wconf 72' lang='lat'><strong>‚.</strong></span> <span class='ocrx_word' id='word_1_99' title='bbox 280 1701 448 1787; x_wconf 75' lang='lat' dir='ltr'><strong>prophetia</strong></span> <span class='ocrx_word' id='word_1_100' title='bbox 484 1699 648 1767; x_wconf 73' lang='lat' dir='ltr'><strong>Christum</strong></span> <span class='ocrx_word' id='word_1_101' title='bbox 687 1701 830 1782; x_wconf 63' lang='lat' dir='ltr'><strong>mount,</strong></span> <span class='ocrx_word' id='word_1_102' title='bbox 863 1702 949 1787; x_wconf 86' lang='lat' dir='ltr'><strong>apud</strong></span> <span class='ocrx_word' id='word_1_103' title='bbox 985 1721 1066 1786; x_wconf 88' lang='lat' dir='ltr'><strong>quos</strong></span> <span class='ocrx_word' id='word_1_104' title='bbox 1099 1701 1317 1769; x_wconf 82' lang='lat' dir='ltr'><strong>Caecilianum</strong></span> <span class='ocrx_word' id='word_1_105' title='bbox 1345 1720 1440 1768; x_wconf 90' lang='lat' dir='ltr'><strong>accu-</strong></span> 
     </span>
     <span class='ocr_line' id='line_1_14' title="bbox 175 1803 1380 1891; baseline -0.002 -17"><span class='ocrx_word' id='word_1_106' title='bbox 175 1814 177 1819; x_wconf 78' lang='grc'>’</span> <span class='ocrx_word' id='word_1_107' title='bbox 282 1811 390 1874; x_wconf 84' lang='lat' dir='ltr'><strong>santos</strong></span> <span class='ocrx_word' id='word_1_108' title='bbox 413 1806 493 1874; x_wconf 87' lang='lat' dir='ltr'><strong>uicti</strong></span> <span class='ocrx_word' id='word_1_109' title='bbox 512 1803 707 1874; x_wconf 74' lang='lat' dir='ltr'><strong>&#39;recessistis</strong></span> <span class='ocrx_word' id='word_1_110' title='bbox 783 1838 785 1843; x_wconf 57' lang='lat'>&gt;</span> <span class='ocrx_word' id='word_1_111' title='bbox 1233 1886 1237 1891; x_wconf 17' lang='lat'>⁵</span> <span class='ocrx_word' id='word_1_112' title='bbox 1377 1880 1380 1891; x_wconf 15' lang='grc' dir='ltr'><strong>Κ</strong></span> 
     </span>
     <span class='ocr_line' id='line_1_15' title="bbox 229 1910 1441 1996; baseline 0.009 -22"><span class='ocrx_word' id='word_1_113' title='bbox 229 1910 272 1974; x_wconf 93' lang='grc'><strong>12</strong></span> <span class='ocrx_word' id='word_1_114' title='bbox 302 1912 363 1981; x_wconf 74' lang='lat' dir='ltr'><strong>si</strong></span> <span class='ocrx_word' id='word_1_115' title='bbox 399 1916 505 1980; x_wconf 91' lang='lat' dir='ltr'><strong>autem</strong></span> <span class='ocrx_word' id='word_1_116' title='bbox 539 1930 598 1981; x_wconf 91' lang='lat' dir='ltr'><strong>nec</strong></span> <span class='ocrx_word' id='word_1_117' title='bbox 630 1915 741 1981; x_wconf 71' lang='lat' dir='ltr'><strong>andire</strong></span> <span class='ocrx_word' id='word_1_118' title='bbox 773 1934 831 1983; x_wconf 90' lang='lat' dir='ltr'><strong>neo</strong></span> <span class='ocrx_word' id='word_1_119' title='bbox 865 1916 978 1982; x_wconf 90' lang='lat' dir='ltr'><strong>docere</strong></span> <span class='ocrx_word' id='word_1_120' title='bbox 1009 1936 1067 1982; x_wconf 92' lang='lat' dir='ltr'><strong>nos</strong></span> <span class='ocrx_word' id='word_1_121' title='bbox 1098 1916 1212 1996; x_wconf 88' lang='lat' dir='ltr'><strong>uultis,</strong></span> <span class='ocrx_word' id='word_1_122' title='bbox 1244 1916 1352 1982; x_wconf 85' lang='lat' dir='ltr'><strong>uenite</strong></span> <span class='ocrx_word' id='word_1_123' title='bbox 1381 1922 1441 1985; x_wconf 84' lang='lat' dir='ltr'><strong>ant</strong></span> 
     </span>
     <span class='ocr_line' id='line_1_16' title="bbox 193 2018 1490 2117; baseline -0.002 -30"><span class='ocrx_word' id='word_1_124' title='bbox 193 2053 200 2067; x_wconf 42' lang='lat' dir='ltr'><strong>a</strong></span> <span class='ocrx_word' id='word_1_125' title='bbox 281 2020 402 2090; x_wconf 84' lang='lat' dir='ltr'><strong>mittite</strong></span> <span class='ocrx_word' id='word_1_126' title='bbox 437 2018 606 2117; x_wconf 71' lang='lat' dir='ltr'><strong>nobiscnm</strong></span> <span class='ocrx_word' id='word_1_127' title='bbox 643 2020 676 2086; x_wconf 92' lang='lat' dir='ltr'><strong>in</strong></span> <span class='ocrx_word' id='word_1_128' title='bbox 712 2022 876 2107; x_wconf 77' lang='lat' dir='ltr'><strong>regionem</strong></span> <span class='ocrx_word' id='word_1_129' title='bbox 907 2021 1200 2107; x_wconf 60' lang='lat' dir='ltr'><strong>Hipponiensium,</strong></span> <span class='ocrx_word' id='word_1_130' title='bbox 1219 2022 1274 2106; x_wconf 89' lang='lat' dir='ltr'><strong>qui</strong></span> <span class='ocrx_word' id='word_1_131' title='bbox 1309 2022 1442 2088; x_wconf 80' lang='lat' dir='ltr'><strong>uideant</strong></span> <span class='ocrx_word' id='word_1_132' title='bbox 1459 2043 1490 2083; x_wconf 76' lang='lat' dir='ltr'><strong>m</strong></span> 
     </span>
     <span class='ocr_line' id='line_1_17' title="bbox 283 2125 1441 2212; baseline 0.001 -19"><span class='ocrx_word' id='word_1_133' title='bbox 283 2129 440 2193; x_wconf 85' lang='lat' dir='ltr'><strong>armatum</strong></span> <span class='ocrx_word' id='word_1_134' title='bbox 474 2125 647 2192; x_wconf 83' lang='lat' dir='ltr'><strong>exercitum</strong></span> <span class='ocrx_word' id='word_1_135' title='bbox 680 2130 836 2205; x_wconf 82' lang='lat' dir='ltr'><strong>uestrum,</strong></span> <span class='ocrx_word' id='word_1_136' title='bbox 871 2126 1020 2212; x_wconf 88' lang='lat' dir='ltr'><strong>quamuis</strong></span> <span class='ocrx_word' id='word_1_137' title='bbox 1047 2127 1156 2192; x_wconf 75' lang='lat' dir='ltr'><strong>nullum</strong></span> <span class='ocrx_word' id='word_1_138' title='bbox 1182 2126 1277 2193; x_wconf 90' lang='lat' dir='ltr'><strong>miles</strong></span> <span class='ocrx_word' id='word_1_139' title='bbox 1307 2145 1441 2194; x_wconf 85' lang='lat' dir='ltr'><strong>numero</strong></span> 
     </span>
     <span class='ocr_line' id='line_1_18' title="bbox 283 2221 1469 2305; baseline -0.001 -6"><span class='ocrx_word' id='word_1_140' title='bbox 283 2222 443 2299; x_wconf 88' lang='lat' dir='ltr'><strong>armorum</strong></span> <span class='ocrx_word' id='word_1_141' title='bbox 466 2251 598 2299; x_wconf 88' lang='lat' dir='ltr'><strong>suorum</strong></span> <span class='ocrx_word' id='word_1_142' title='bbox 622 2234 752 2299; x_wconf 80' lang='lat' dir='ltr'><strong>calccm&#39;</strong></span> <span class='ocrx_word' id='word_1_143' title='bbox 766 2236 799 2298; x_wconf 84' lang='lat' dir='ltr'><strong>et</strong></span> <span class='ocrx_word' id='word_1_144' title='bbox 821 2235 948 2299; x_wconf 84' lang='lat' dir='ltr'><strong>nostum</strong></span> <span class='ocrx_word' id='word_1_145' title='bbox 973 2231 1097 2298; x_wconf 84' lang='lat' dir='ltr'><strong>addidit</strong></span> <span class='ocrx_word' id='word_1_146' title='bbox 1122 2233 1165 2305; x_wconf 90' lang='lat' dir='ltr'><strong>ad</strong></span> <span class='ocrx_word' id='word_1_147' title='bbox 1190 2222 1302 2300; x_wconf 87' lang='lat' dir='ltr'><strong>oculos</strong></span> <span class='ocrx_word' id='word_1_148' title='bbox 1327 2232 1441 2299; x_wconf 89' lang='lat' dir='ltr'><strong>harba-</strong></span> <span class='ocrx_word' id='word_1_149' title='bbox 1465 2221 1469 2230; x_wconf 74' lang='grc'><strong>’</strong></span> 
     </span>
     <span class='ocr_line' id='line_1_19' title="bbox 282 2334 1441 2423; baseline -0.001 -17"><span class='ocrx_word' id='word_1_150' title='bbox 282 2359 401 2406; x_wconf 84' lang='lat' dir='ltr'><strong>mrum.</strong></span> <span class='ocrx_word' id='word_1_151' title='bbox 422 2334 463 2406; x_wconf 71' lang='lat' dir='ltr'><strong>&#39;s&#39;l</strong></span> <span class='ocrx_word' id='word_1_152' title='bbox 489 2358 594 2423; x_wconf 89' lang='lat' dir='ltr'><strong>usqne</strong></span> <span class='ocrx_word' id='word_1_153' title='bbox 619 2338 682 2405; x_wconf 89' lang='lat' dir='ltr'><strong>hoc</strong></span> <span class='ocrx_word' id='word_1_154' title='bbox 709 2338 822 2419; x_wconf 84' lang='lat' dir='ltr'><strong>uultis,</strong></span> <span class='ocrx_word' id='word_1_155' title='bbox 853 2339 967 2405; x_wconf 86' lang='lat' dir='ltr'><strong>saltem</strong></span> <span class='ocrx_word' id='word_1_156' title='bbox 991 2338 1120 2411; x_wconf 84' lang='lat' dir='ltr'><strong>scribito</strong></span> <span class='ocrx_word' id='word_1_157' title='bbox 1144 2338 1184 2404; x_wconf 93' lang='lat' dir='ltr'><strong>ad</strong></span> <span class='ocrx_word' id='word_1_158' title='bbox 1206 2338 1291 2418; x_wconf 89' lang='lat' dir='ltr'><strong>illos,</strong></span> <span class='ocrx_word' id='word_1_159' title='bbox 1314 2342 1353 2405; x_wconf 94' lang='lat' dir='ltr'><strong>ut</strong></span> <span class='ocrx_word' id='word_1_160' title='bbox 1372 2339 1441 2404; x_wconf 86' lang='lat' dir='ltr'><strong>iam</strong></span> 
     </span>
     <span class='ocr_line' id='line_1_20' title="bbox 282 2444 1442 2533; baseline -0.002 -22"><span class='ocrx_word' id='word_1_161' title='bbox 282 2446 347 2511; x_wconf 85' lang='lat' dir='ltr'><strong>ista</strong></span> <span class='ocrx_word' id='word_1_162' title='bbox 372 2464 434 2511; x_wconf 86' lang='lat' dir='ltr'><strong>non</strong></span> <span class='ocrx_word' id='word_1_163' title='bbox 462 2444 590 2526; x_wconf 72' lang='lat' dir='ltr'><strong>lacmnt,</strong></span> <span class='ocrx_word' id='word_1_164' title='bbox 618 2448 657 2512; x_wconf 91' lang='lat' dir='ltr'><strong>nt</strong></span> <span class='ocrx_word' id='word_1_165' title='bbox 682 2445 747 2511; x_wconf 83' lang='lat' dir='ltr'><strong>iam</strong></span> <span class='ocrx_word' id='word_1_166' title='bbox 777 2464 811 2510; x_wconf 90' lang='lat' dir='ltr'><strong>ss</strong></span> <span class='ocrx_word' id='word_1_167' title='bbox 835 2465 855 2512; x_wconf 89' lang='lat' dir='ltr'><strong>a</strong></span> <span class='ocrx_word' id='word_1_168' title='bbox 877 2445 1029 2526; x_wconf 89' lang='lat' dir='ltr'><strong>caedibus</strong></span> <span class='ocrx_word' id='word_1_169' title='bbox 1053 2446 1180 2525; x_wconf 83' lang='lat' dir='ltr'><strong>nostris,</strong></span> <span class='ocrx_word' id='word_1_170' title='bbox 1204 2464 1224 2511; x_wconf 92' lang='lat' dir='ltr'><strong>a</strong></span> <span class='ocrx_word' id='word_1_171' title='bbox 1245 2445 1377 2533; x_wconf 83' lang='lat' dir='ltr'><strong>rapinis,</strong></span> <span class='ocrx_word' id='word_1_172' title='bbox 1398 2444 1442 2510; x_wconf 90' lang='lat' dir='ltr'><strong>ah</strong></span> 
     </span>
     <span class='ocr_line' id='line_1_21' title="bbox 283 2544 1455 2637; baseline 0 -22"><span class='ocrx_word' id='word_1_173' title='bbox 283 2552 501 2618; x_wconf 85' lang='lat' dir='ltr'><strong>excaecatione</strong></span> <span class='ocrx_word' id='word_1_174' title='bbox 525 2544 739 2637; x_wconf 85' lang='lat' dir='ltr'><strong>compescant.</strong></span> <span class='ocrx_word' id='word_1_175' title='bbox 762 2551 913 2617; x_wconf 80' lang='lat' dir='ltr'><strong>nol&#39;nmns</strong></span> <span class='ocrx_word' id='word_1_176' title='bbox 937 2550 1057 2616; x_wconf 88' lang='lat' dir='ltr'><strong>dicero:</strong></span> <span class='ocrx_word' id='word_1_177' title='bbox 1077 2551 1243 2617; x_wconf 86' lang='lat' dir='ltr'><strong>‘Damnata</strong></span> <span class='ocrx_word' id='word_1_178' title='bbox 1261 2550 1359 2628; x_wconf 82' lang='lat' dir='ltr'><strong>illos’3</strong></span> <span class='ocrx_word' id='word_1_179' title='bbox 1378 2569 1455 2616; x_wconf 87' lang='lat' dir='ltr'><strong>uos.</strong></span> 
     </span>
     <span class='ocr_line' id='line_1_22' title="bbox 283 2655 1442 2742; baseline 0 -21"><span class='ocrx_word' id='word_1_180' title='bbox 283 2657 368 2722; x_wconf 85' lang='lat' dir='ltr'><strong>anim</strong></span> <span class='ocrx_word' id='word_1_181' title='bbox 406 2658 563 2737; x_wconf 80' lang='lat' dir='ltr'><strong>sideritis,</strong></span> <span class='ocrx_word' id='word_1_182' title='bbox 601 2675 667 2742; x_wconf 90' lang='lat' dir='ltr'><strong>quo</strong></span> <span class='ocrx_word' id='word_1_183' title='bbox 700 2657 796 2724; x_wconf 87' lang='lat' dir='ltr'><strong>modo</strong></span> <span class='ocrx_word' id='word_1_184' title='bbox 832 2676 892 2723; x_wconf 88' lang='lat' dir='ltr'><strong>uos</strong></span> <span class='ocrx_word' id='word_1_185' title='bbox 924 2677 987 2723; x_wconf 92' lang='lat' dir='ltr'><strong>non</strong></span> <span class='ocrx_word' id='word_1_186' title='bbox 1020 2658 1198 2742; x_wconf 87' lang='lat' dir='ltr'><strong>inquinent,</strong></span> <span class='ocrx_word' id='word_1_187' title='bbox 1231 2676 1312 2742; x_wconf 89' lang='lat' dir='ltr'><strong>qnos</strong></span> <span class='ocrx_word' id='word_1_188' title='bbox 1341 2655 1442 2723; x_wconf 89' lang='lat' dir='ltr'><strong>modo</strong></span> 
     </span>
     <span class='ocr_line' id='line_1_23' title="bbox 194 2748 1442 2848; baseline -0.002 -17"><span class='ocrx_word' id='word_1_189' title='bbox 194 2824 197 2831; x_wconf 89' lang='lat'>.</span> <span class='ocrx_word' id='word_1_190' title='bbox 283 2763 481 2847; x_wconf 86' lang='lat' dir='ltr'><strong>ostendimus</strong></span> <span class='ocrx_word' id='word_1_191' title='bbox 503 2764 538 2841; x_wconf 82' lang='lat' dir='ltr'><strong>in</strong></span> <span class='ocrx_word' id='word_1_192' title='bbox 560 2748 670 2831; x_wconf 78' lang='lat' dir='ltr'><strong>nestm</strong></span> <span class='ocrx_word' id='word_1_193' title='bbox 691 2763 916 2835; x_wconf 82' lang='lat' dir='ltr'><strong>communione</strong></span> <span class='ocrx_word' id='word_1_194' title='bbox 938 2764 1088 2843; x_wconf 88' lang='lat' dir='ltr'><strong>latrones,</strong></span> <span class='ocrx_word' id='word_1_195' title='bbox 1116 2766 1150 2829; x_wconf 90' lang='lat' dir='ltr'><strong>st</strong></span> <span class='ocrx_word' id='word_1_196' title='bbox 1175 2775 1233 2839; x_wconf 88' lang='lat' dir='ltr'><strong>uos</strong></span> <span class='ocrx_word' id='word_1_197' title='bbox 1259 2761 1442 2848; x_wconf 86' lang='lat' dir='ltr'><strong>inquinent,</strong></span> 
     </span>
     <span class='ocr_line' id='line_1_24' title="bbox 283 2858 1443 2956; baseline -0.001 -21"><span class='ocrx_word' id='word_1_198' title='bbox 283 2888 364 2953; x_wconf 90' lang='lat' dir='ltr'><strong>quos</strong></span> <span class='ocrx_word' id='word_1_199' title='bbox 386 2889 562 2954; x_wconf 88' lang='lat' dir='ltr'><strong>numquam</strong></span> <span class='ocrx_word' id='word_1_200' title='bbox 586 2858 739 2956; x_wconf 84' lang='lat' dir='ltr'><strong>potuistis</strong></span> <span class='ocrx_word' id='word_1_201' title='bbox 764 2868 931 2937; x_wconf 86' lang='lat' dir='ltr'><strong>ostendere</strong></span> <span class='ocrx_word' id='word_1_202' title='bbox 954 2870 1133 2936; x_wconf 74' lang='lat' dir='ltr'><strong>naditoras.</strong></span> <span class='ocrx_word' id='word_1_203' title='bbox 1157 2889 1195 2935; x_wconf 87' lang='lat' dir='ltr'><strong>sx</strong></span> <span class='ocrx_word' id='word_1_204' title='bbox 1216 2870 1268 2935; x_wconf 91' lang='lat' dir='ltr'><strong>his</strong></span> <span class='ocrx_word' id='word_1_205' title='bbox 1291 2869 1443 2936; x_wconf 88' lang='lat' dir='ltr'><strong>omnibns</strong></span> 
     </span>
     <span class='ocr_line' id='line_1_25' title="bbox 231 2976 1443 3063; baseline -0.002 -21"><span class='ocrx_word' id='word_1_206' title='bbox 231 3056 234 3063; x_wconf 35' lang='grc'>,</span> <span class='ocrx_word' id='word_1_207' title='bbox 283 2976 404 3063; x_wconf 77' lang='lat' dir='ltr'><strong>eligito,</strong></span> <span class='ocrx_word' id='word_1_208' title='bbox 427 2977 513 3062; x_wconf 91' lang='lat' dir='ltr'><strong>quod</strong></span> <span class='ocrx_word' id='word_1_209' title='bbox 535 2977 715 3044; x_wconf 80' lang='lat' dir='ltr'><strong>uolueritis.</strong></span> <span class='ocrx_word' id='word_1_210' title='bbox 748 2978 776 3044; x_wconf 91' lang='lat' dir='ltr'><strong>si</strong></span> <span class='ocrx_word' id='word_1_211' title='bbox 809 2980 917 3042; x_wconf 86' lang='lat' dir='ltr'><strong>autem</strong></span> <span class='ocrx_word' id='word_1_212' title='bbox 950 2977 1095 3059; x_wconf 84' lang='lat' dir='ltr'><strong>querelas</strong></span> <span class='ocrx_word' id='word_1_213' title='bbox 1127 2979 1254 3043; x_wconf 87' lang='lat' dir='ltr'><strong>nostras</strong></span> <span class='ocrx_word' id='word_1_214' title='bbox 1278 2979 1443 3058; x_wconf 88' lang='lat' dir='ltr'><strong>contemp·</strong></span> 
     </span>
     <span class='ocr_line' id='line_1_26' title="bbox 284 3072 1442 3167; baseline -0.001 -19"><span class='ocrx_word' id='word_1_215' title='bbox 284 3072 401 3163; x_wconf 75' lang='lat' dir='ltr'><strong>assitis,</strong></span> <span class='ocrx_word' id='word_1_216' title='bbox 423 3102 481 3149; x_wconf 90' lang='lat' dir='ltr'><strong>nos</strong></span> <span class='ocrx_word' id='word_1_217' title='bbox 502 3074 646 3150; x_wconf 72' lang='lat' dir='ltr'><strong>&#39;minime</strong></span> <span class='ocrx_word' id='word_1_218' title='bbox 677 3082 854 3166; x_wconf 85' lang='lat' dir='ltr'><strong>paenitebit</strong></span> <span class='ocrx_word' id='word_1_219' title='bbox 882 3082 991 3147; x_wconf 89' lang='lat' dir='ltr'><strong>ordina</strong></span> <span class='ocrx_word' id='word_1_220' title='bbox 1013 3081 1144 3166; x_wconf 87' lang='lat' dir='ltr'><strong>pacifico</strong></span> <span class='ocrx_word' id='word_1_221' title='bbox 1169 3102 1262 3167; x_wconf 82' lang='lat' dir='ltr'><strong>agera</strong></span> <span class='ocrx_word' id='word_1_222' title='bbox 1284 3082 1442 3157; x_wconf 86' lang='lat' dir='ltr'><strong>noluisse.</strong></span> 
     </span>
    </p>
   </div>
   <div class='ocr_carea' id='block_1_3' title="bbox 374 3309 596 3393">
    <p class='ocr_par' dir='ltr' id='par_1_3' title="bbox 374 3309 596 3393">
     <span class='ocr_line' id='line_1_27' title="bbox 374 3309 596 3393; baseline -0.009 -28"><span class='ocrx_word' id='word_1_223' title='bbox 374 3312 391 3365; x_wconf 82' lang='grc'>9</span> <span class='ocrx_word' id='word_1_224' title='bbox 411 3310 479 3393; x_wconf 74' lang='lat' dir='ltr'><strong>Gan.</strong></span> <span class='ocrx_word' id='word_1_225' title='bbox 498 3309 542 3372; x_wconf 88' lang='grc'><strong>22,</strong></span> <span class='ocrx_word' id='word_1_226' title='bbox 564 3309 596 3363; x_wconf 89' lang='grc'><strong>18</strong></span> 
     </span>
    </p>
   </div>
   <div class='ocr_carea' id='block_1_4' title="bbox 175 3401 1446 4305">
    <p class='ocr_par' dir='ltr' id='par_1_4' title="bbox 286 3401 1446 3771">
     <span class='ocr_line' id='line_1_28' title="bbox 323 3401 1444 3506; baseline -0.003 -17"><span class='ocrx_word' id='word_1_227' title='bbox 323 3432 542 3506; x_wconf 83' lang='lat' dir='ltr'><strong>lpraetcriatns</strong></span> <span class='ocrx_word' id='word_1_228' title='bbox 559 3430 591 3486; x_wconf 74' lang='lat' dir='ltr'><em>F</em></span> <span class='ocrx_word' id='word_1_229' title='bbox 605 3430 778 3504; x_wconf 71' lang='lat' dir='ltr'><strong>praemiatus</strong></span> <span class='ocrx_word' id='word_1_230' title='bbox 796 3401 877 3491; x_wconf 63' lang='lat' dir='ltr'><strong>ma</strong></span> <span class='ocrx_word' id='word_1_231' title='bbox 914 3424 1127 3486; x_wconf 69' lang='lat' dir='ltr'><strong>diudiciumR</strong></span> <span class='ocrx_word' id='word_1_232' title='bbox 1181 3432 1257 3486; x_wconf 89' lang='lat' dir='ltr'><strong>iussu</strong></span> <span class='ocrx_word' id='word_1_233' title='bbox 1276 3432 1303 3485; x_wconf 89' lang='lat' dir='ltr'><strong><em>A</em></strong></span> <span class='ocrx_word' id='word_1_234' title='bbox 1355 3432 1444 3486; x_wconf 71' lang='lat' dir='ltr'><strong>duo·</strong></span> 
     </span>
     <span class='ocr_line' id='line_1_29' title="bbox 286 3520 1446 3593; baseline -0.004 -15"><span class='ocrx_word' id='word_1_235' title='bbox 286 3525 481 3593; x_wconf 88' lang='lat' dir='ltr'><strong>minatnmqnc,</strong></span> <span class='ocrx_word' id='word_1_236' title='bbox 491 3524 556 3576; x_wconf 80' lang='lat' dir='ltr'><strong>nr.2</strong></span> <span class='ocrx_word' id='word_1_237' title='bbox 569 3520 829 3592; x_wconf 77' lang='lat' dir='ltr'><strong>nominatimqnsdl</strong></span> <span class='ocrx_word' id='word_1_238' title='bbox 843 3520 1059 3589; x_wconf 85' lang='lat' dir='ltr'><strong>nominatimque</strong></span> <span class='ocrx_word' id='word_1_239' title='bbox 1070 3521 1073 3589; x_wconf 69' lang='lat' dir='ltr'><strong>l</strong></span> <span class='ocrx_word' id='word_1_240' title='bbox 1083 3536 1152 3590; x_wconf 87' lang='lat' dir='ltr'><strong>quac</strong></span> <span class='ocrx_word' id='word_1_241' title='bbox 1166 3521 1248 3590; x_wconf 85' lang='lat' dir='ltr'><strong>(qnae</strong></span> <span class='ocrx_word' id='word_1_242' title='bbox 1263 3520 1314 3575; x_wconf 69' lang='lat' dir='ltr'><strong>aa</strong></span> <span class='ocrx_word' id='word_1_243' title='bbox 1327 3537 1363 3576; x_wconf 75' lang='lat' dir='ltr'><strong>aa.</strong></span> <span class='ocrx_word' id='word_1_244' title='bbox 1373 3525 1405 3587; x_wconf 76' lang='grc'><strong>2)</strong></span> <span class='ocrx_word' id='word_1_245' title='bbox 1414 3520 1446 3573; x_wconf 88' lang='lat' dir='ltr'><strong><em>P</em></strong></span> 
     </span>
     <span class='ocr_line' id='line_1_30' title="bbox 286 3608 1445 3687; baseline -0.002 -22"><span class='ocrx_word' id='word_1_246' title='bbox 286 3612 459 3687; x_wconf 77' lang='lat' dir='ltr'><strong>helligastis</strong></span> <span class='ocrx_word' id='word_1_247' title='bbox 476 3610 543 3664; x_wconf 68' lang='grc' dir='ltr'><strong>ΜΡ</strong></span> <span class='ocrx_word' id='word_1_248' title='bbox 629 3609 771 3677; x_wconf 76' lang='lat' dir='ltr'><strong>Bhaliois,</strong></span> <span class='ocrx_word' id='word_1_249' title='bbox 790 3625 861 3664; x_wconf 85' lang='lat' dir='ltr'><strong>corr.</strong></span> <span class='ocrx_word' id='word_1_250' title='bbox 880 3613 942 3666; x_wconf 72' lang='lat' dir='ltr'><strong>nal</strong></span> <span class='ocrx_word' id='word_1_251' title='bbox 959 3609 1082 3663; x_wconf 84' lang='lat' dir='ltr'><strong>basilicis</strong></span> <span class='ocrx_word' id='word_1_252' title='bbox 1099 3609 1127 3663; x_wconf 89' lang='lat' dir='ltr'><strong><em>A</em></strong></span> <span class='ocrx_word' id='word_1_253' title='bbox 1226 3609 1396 3681; x_wconf 76' lang='lat' dir='ltr'><strong>repelleretis</strong></span> <span class='ocrx_word' id='word_1_254' title='bbox 1413 3608 1445 3663; x_wconf 84' lang='lat' dir='ltr'><em>R</em></span> 
     </span>
     <span class='ocr_line' id='line_1_31' title="bbox 288 3686 1443 3771; baseline -0.005 -15"><span class='ocrx_word' id='word_1_255' title='bbox 288 3703 321 3758; x_wconf 87' lang='lat'><strong>10</strong></span> <span class='ocrx_word' id='word_1_256' title='bbox 339 3700 512 3771; x_wconf 69' lang='lat' dir='ltr'><strong>basibillicis</strong></span> <span class='ocrx_word' id='word_1_257' title='bbox 531 3697 569 3753; x_wconf 96' lang='grc' dir='ltr'><em>Μ</em></span> <span class='ocrx_word' id='word_1_258' title='bbox 638 3686 806 3754; x_wconf 83' lang='lat' dir='ltr'><strong>schismatici</strong></span> <span class='ocrx_word' id='word_1_259' title='bbox 824 3698 911 3752; x_wconf 83' lang='lat' dir='ltr'><strong>uestri</strong></span> <span class='ocrx_word' id='word_1_260' title='bbox 928 3700 956 3752; x_wconf 90' lang='lat' dir='ltr'><strong><em>A</em></strong></span> <span class='ocrx_word' id='word_1_261' title='bbox 1000 3699 1050 3751; x_wconf 74' lang='lat' dir='ltr'><strong>vll</strong></span> <span class='ocrx_word' id='word_1_262' title='bbox 1073 3714 1190 3768; x_wconf 76' lang='lat' dir='ltr'><strong>parom.</strong></span> <span class='ocrx_word' id='word_1_263' title='bbox 1209 3700 1237 3753; x_wconf 98' lang='lat' dir='ltr'><strong><em>A</em></strong></span> <span class='ocrx_word' id='word_1_264' title='bbox 1294 3699 1327 3753; x_wconf 89' lang='grc'><strong>12</strong></span> <span class='ocrx_word' id='word_1_265' title='bbox 1345 3695 1443 3752; x_wconf 82' lang='lat' dir='ltr'><strong>adora·</strong></span> 
     </span>
    </p>

    <p class='ocr_par' dir='ltr' id='par_1_5' title="bbox 225 3772 1444 4128">
     <span class='ocr_line' id='line_1_32' title="bbox 225 3772 1444 3858; baseline -0.004 -15"><span class='ocrx_word' id='word_1_266' title='bbox 225 3772 229 3779; x_wconf 32' lang='lat'><em>¹</em></span> <span class='ocrx_word' id='word_1_267' title='bbox 285 3789 395 3845; x_wconf 86' lang='lat' dir='ltr'><strong>bantR</strong></span> <span class='ocrx_word' id='word_1_268' title='bbox 438 3791 471 3845; x_wconf 82' lang='lat'><strong>14</strong></span> <span class='ocrx_word' id='word_1_269' title='bbox 488 3804 539 3849; x_wconf 76' lang='lat' dir='ltr'><strong>aas</strong></span> <span class='ocrx_word' id='word_1_270' title='bbox 557 3803 609 3842; x_wconf 80' lang='lat' dir='ltr'><strong>om.</strong></span> <span class='ocrx_word' id='word_1_271' title='bbox 628 3788 663 3844; x_wconf 91' lang='lat' dir='ltr'><strong>A.</strong></span> <span class='ocrx_word' id='word_1_272' title='bbox 699 3788 733 3844; x_wconf 82' lang='grc'><strong>15</strong></span> <span class='ocrx_word' id='word_1_273' title='bbox 752 3787 942 3858; x_wconf 84' lang='lat' dir='ltr'><strong>ipponensium</strong></span> <span class='ocrx_word' id='word_1_274' title='bbox 960 3785 989 3841; x_wconf 79' lang='grc' dir='ltr'>Β</span> <span class='ocrx_word' id='word_1_275' title='bbox 1006 3786 1224 3856; x_wconf 80' lang='lat' dir='ltr'><strong>Hipponensinm</strong></span> <span class='ocrx_word' id='word_1_276' title='bbox 1243 3786 1304 3843; x_wconf 78' lang='lat' dir='ltr'><strong>add.</strong></span> <span class='ocrx_word' id='word_1_277' title='bbox 1346 3786 1379 3841; x_wconf 85' lang='lat' dir='ltr'><strong>ld</strong></span> <span class='ocrx_word' id='word_1_278' title='bbox 1391 3801 1444 3840; x_wconf 90' lang='lat' dir='ltr'><strong>nn·</strong></span> 
     </span>
     <span class='ocr_line' id='line_1_33' title="bbox 285 3873 1444 3947; baseline -0.003 -16"><span class='ocrx_word' id='word_1_279' title='bbox 285 3878 366 3933; x_wconf 88' lang='lat' dir='ltr'><strong>marti</strong></span> <span class='ocrx_word' id='word_1_280' title='bbox 385 3879 475 3947; x_wconf 84' lang='lat' dir='ltr'><strong>(sa&#39;c!)</strong></span> <span class='ocrx_word' id='word_1_281' title='bbox 491 3877 518 3929; x_wconf 88' lang='lat' dir='ltr'><strong><em>A</em></strong></span> <span class='ocrx_word' id='word_1_282' title='bbox 589 3878 621 3932; x_wconf 75' lang='lat'><strong>17</strong></span> <span class='ocrx_word' id='word_1_283' title='bbox 641 3875 676 3931; x_wconf 79' lang='lat' dir='ltr'><strong>ad</strong></span> <span class='ocrx_word' id='word_1_284' title='bbox 695 3876 782 3930; x_wconf 87' lang='lat' dir='ltr'><strong>oculis</strong></span> <span class='ocrx_word' id='word_1_285' title='bbox 801 3873 839 3929; x_wconf 99' lang='grc' dir='ltr'><em>Μ</em></span> <span class='ocrx_word' id='word_1_286' title='bbox 909 3876 943 3929; x_wconf 89' lang='grc'><strong>18</strong></span> <span class='ocrx_word' id='word_1_287' title='bbox 962 3875 1021 3928; x_wconf 87' lang='lat' dir='ltr'><strong>siue</strong></span> <span class='ocrx_word' id='word_1_288' title='bbox 1041 3875 1086 3943; x_wconf 93' lang='lat' dir='ltr'><strong>qui</strong></span> <span class='ocrx_word' id='word_1_289' title='bbox 1105 3875 1156 3929; x_wconf 86' lang='lat' dir='ltr'><strong>hoo</strong></span> <span class='ocrx_word' id='word_1_290' title='bbox 1174 3890 1229 3929; x_wconf 88' lang='lat' dir='ltr'><strong>non</strong></span> <span class='ocrx_word' id='word_1_291' title='bbox 1247 3874 1333 3929; x_wconf 87' lang='lat' dir='ltr'><strong>uultis</strong></span> <span class='ocrx_word' id='word_1_292' title='bbox 1349 3873 1444 3929; x_wconf 87' lang='lat' dir='ltr'><strong>saltim</strong></span> 
     </span>
     <span class='ocr_line' id='line_1_34' title="bbox 286 3962 1444 4037; baseline -0.005 -15"><span class='ocrx_word' id='word_1_293' title='bbox 286 3965 466 4037; x_wconf 74' lang='lat' dir='ltr'><strong>resembitaR</strong></span> <span class='ocrx_word' id='word_1_294' title='bbox 519 3966 619 4035; x_wconf 88' lang='lat' dir='ltr'><strong>neque]</strong></span> <span class='ocrx_word' id='word_1_295' title='bbox 637 3981 688 4019; x_wconf 91' lang='lat' dir='ltr'><strong>nec</strong></span> <span class='ocrx_word' id='word_1_296' title='bbox 707 3964 743 4019; x_wconf 91' lang='grc' dir='ltr'><em>Μ</em></span> <span class='ocrx_word' id='word_1_297' title='bbox 780 3965 812 4019; x_wconf 86' lang='grc'><strong>19</strong></span> <span class='ocrx_word' id='word_1_298' title='bbox 832 3963 964 4027; x_wconf 70' lang='lat' dir='ltr'><strong>coabbas,</strong></span> <span class='ocrx_word' id='word_1_299' title='bbox 983 3979 1053 4018; x_wconf 69' lang='lat' dir='ltr'><strong>com.</strong></span> <span class='ocrx_word' id='word_1_300' title='bbox 1074 3962 1175 4028; x_wconf 64' lang='grc' dir='ltr'><strong>(ΜΤ</strong></span> <span class='ocrx_word' id='word_1_301' title='bbox 1199 3962 1311 4020; x_wconf 85' lang='lat' dir='ltr'><strong>cedibus</strong></span> <span class='ocrx_word' id='word_1_302' title='bbox 1326 3962 1365 4016; x_wconf 77' lang='grc' dir='ltr'><em>Μ</em></span> <span class='ocrx_word' id='word_1_303' title='bbox 1380 3977 1444 4016; x_wconf 83' lang='lat' dir='ltr'><strong>cas·</strong></span> 
     </span>
     <span class='ocr_line' id='line_1_35' title="bbox 286 4044 1444 4128; baseline -0.008 -16"><span class='ocrx_word' id='word_1_304' title='bbox 286 4058 360 4112; x_wconf 88' lang='lat' dir='ltr'><strong>tibus</strong></span> <span class='ocrx_word' id='word_1_305' title='bbox 379 4055 410 4111; x_wconf 64' lang='lat'><strong>1⁴*</strong></span> <span class='ocrx_word' id='word_1_306' title='bbox 425 4055 533 4128; x_wconf 81' lang='lat' dir='ltr'><strong>cetibus</strong></span> <span class='ocrx_word' id='word_1_307' title='bbox 550 4057 577 4107; x_wconf 89' lang='lat' dir='ltr'><strong><em>A</em></strong></span> <span class='ocrx_word' id='word_1_308' title='bbox 649 4055 683 4108; x_wconf 88' lang='grc'><strong>21</strong></span> <span class='ocrx_word' id='word_1_309' title='bbox 703 4070 757 4108; x_wconf 92' lang='lat' dir='ltr'><strong>non</strong></span> <span class='ocrx_word' id='word_1_310' title='bbox 778 4053 956 4124; x_wconf 85' lang='lat' dir='ltr'><strong>coinquinant</strong></span> <span class='ocrx_word' id='word_1_311' title='bbox 973 4053 1002 4108; x_wconf 84' lang='lat' dir='ltr'><strong><em>R</em></strong></span> <span class='ocrx_word' id='word_1_312' title='bbox 1091 4052 1169 4120; x_wconf 92' lang='lat' dir='ltr'><strong>quos]</strong></span> <span class='ocrx_word' id='word_1_313' title='bbox 1190 4062 1243 4121; x_wconf 88' lang='lat' dir='ltr'><strong>quo</strong></span> <span class='ocrx_word' id='word_1_314' title='bbox 1260 4051 1302 4115; x_wconf 55' lang='lat' dir='ltr'><strong>P,</strong></span> <span class='ocrx_word' id='word_1_315' title='bbox 1359 4044 1396 4104; x_wconf 81' lang='grc'><strong>22</strong></span> <span class='ocrx_word' id='word_1_316' title='bbox 1413 4049 1444 4103; x_wconf 89' lang='lat' dir='ltr'><strong>in</strong></span> 
     </span>
    </p>

    <p class='ocr_par' dir='ltr' id='par_1_6' title="bbox 175 4137 1445 4305">
     <span class='ocr_line' id='line_1_36' title="bbox 175 4137 1445 4222; baseline -0.009 -20"><span class='ocrx_word' id='word_1_317' title='bbox 175 4177 179 4185; x_wconf 94' lang='lat'>·</span> <span class='ocrx_word' id='word_1_318' title='bbox 287 4164 339 4201; x_wconf 89' lang='lat' dir='ltr'><strong>om.</strong></span> <span class='ocrx_word' id='word_1_319' title='bbox 357 4145 395 4200; x_wconf 90' lang='grc' dir='ltr'><em>Μ</em></span> <span class='ocrx_word' id='word_1_320' title='bbox 474 4144 536 4214; x_wconf 92' lang='lat' dir='ltr'><strong>nos]</strong></span> <span class='ocrx_word' id='word_1_321' title='bbox 555 4139 656 4222; x_wconf 77' lang='lat' dir='ltr'><strong>no‘nA</strong></span> <span class='ocrx_word' id='word_1_322' title='bbox 686 4198 691 4203; x_wconf 84' lang='grc'><strong>,</strong></span> <span class='ocrx_word' id='word_1_323' title='bbox 720 4144 755 4197; x_wconf 85' lang='grc'><strong>23</strong></span> <span class='ocrx_word' id='word_1_324' title='bbox 774 4141 920 4197; x_wconf 79' lang='lat' dir='ltr'><strong>ostendere</strong></span> <span class='ocrx_word' id='word_1_325' title='bbox 940 4141 1069 4211; x_wconf 86' lang='lat' dir='ltr'><strong>potuistis</strong></span> <span class='ocrx_word' id='word_1_326' title='bbox 1087 4141 1115 4195; x_wconf 82' lang='lat' dir='ltr'><strong><em>R</em></strong></span> <span class='ocrx_word' id='word_1_327' title='bbox 1195 4139 1220 4193; x_wconf 91' lang='lat' dir='ltr'><strong>is</strong></span> <span class='ocrx_word' id='word_1_328' title='bbox 1238 4138 1275 4193; x_wconf 88' lang='grc' dir='ltr'><em>Μ</em></span> <span class='ocrx_word' id='word_1_329' title='bbox 1334 4139 1369 4193; x_wconf 78' lang='grc'><strong>24</strong></span> <span class='ocrx_word' id='word_1_330' title='bbox 1388 4137 1445 4191; x_wconf 85' lang='lat' dir='ltr'><strong>ela-</strong></span> 
     </span>
     <span class='ocr_line' id='line_1_37' title="bbox 286 4223 1244 4305; baseline -0.007 -17"><span class='ocrx_word' id='word_1_331' title='bbox 286 4236 345 4305; x_wconf 80' lang='lat' dir='ltr'><strong>gitc</strong></span> <span class='ocrx_word' id='word_1_332' title='bbox 364 4233 429 4290; x_wconf 67' lang='grc' dir='ltr'><strong>ΜΕ</strong></span> <span class='ocrx_word' id='word_1_333' title='bbox 496 4230 650 4287; x_wconf 77' lang='lat' dir='ltr'><strong>malueritis</strong></span> <span class='ocrx_word' id='word_1_334' title='bbox 668 4232 696 4287; x_wconf 84' lang='lat' dir='ltr'><em>R</em></span> <span class='ocrx_word' id='word_1_335' title='bbox 751 4223 927 4288; x_wconf 67' lang='lat' dir='ltr'><strong>aeschinem</strong></span> <span class='ocrx_word' id='word_1_336' title='bbox 947 4230 977 4285; x_wconf 82' lang='lat' dir='ltr'>F</span> <span class='ocrx_word' id='word_1_337' title='bbox 1047 4229 1186 4300; x_wconf 86' lang='lat' dir='ltr'><strong>pacificum</strong></span> <span class='ocrx_word' id='word_1_338' title='bbox 1206 4227 1244 4281; x_wconf 84' lang='grc' dir='ltr'><em>Μ</em></span> 
     </span>
    </p>
   </div>
   <div class='ocr_carea' id='block_1_5' title="bbox 0 0 1664 4867">
    <p class='ocr_par' dir='ltr' id='par_1_7' title="bbox 0 0 1664 4867">
     <span class='ocr_line' id='line_1_38' title="bbox 0 0 1664 4867; baseline 0 0"><span class='ocrx_word' id='word_1_339' title='bbox 0 0 1664 4867; x_wconf 95' lang='lat' dir='ltr'><strong> </strong></span> 
     </span>
    </p>
   </div>
  </div>
 </body>
</html>
