3309 4867
296 408 361 471 512
652 404 680 459 8.
708 402 848 458 Aureli
874 401 1094 473 Augustini

294 599 438 667 fidelium
474 603 570 682 atque
604 599 775 665 iustorum.
812 614 905 682 porro
944 597 1099 681 spiritalis
1137 598 1278 680 corporis
1310 600 1453 682 qualitas

293 707 456 790 inexperta
487 705 579 772 nobis
613 723 707 789 quem
738 703 779 769 ad
810 686 942 770 modum
977 707 1030 770 uel
1062 704 1287 788 comprehendi
1318 707 1372 772 uel
1404 707 1453 775 in·
1523 750 1529 753 a

295 812 414 880 sinuuri
443 811 558 897 possit,
590 809 713 896 ignoro.
745 809 907 894 corruptio
936 809 983 877 ibi
1010 812 1096 875 certe
1122 810 1212 876 nulla
1238 810 1301 877 erit
1326 830 1363 878 ao
1393 832 1463 896 per·

294 919 355 985 hoo
377 937 435 985 nec
461 918 536 996 isto,
565 935 628 1001 qno
651 934 735 982 nunc
762 914 918 1002 indigent,
946 916 1147 1001 corruptibili
1170 915 1241 983 cibo
1265 920 1342 985 tuuc
1368 918 1454 984 indi·

294 1025 425 1111 gabant
463 1041 522 1090 uec
559 1028 666 1089 tamen
698 1040 772 1088 eum
804 1039 917 1106 capere
950 1040 1012 1088 non
1048 1025 1200 1106 potemnt
1230 1011 1501 1117 ueraciterques

295 1149 481 1199 consumere
511 1133 683 1215 potestate,
714 1146 776 1194 non
803 1129 1012 1207 necessitate;
1044 1129 1186 1212 alioquin
1214 1148 1274 1196 nec
1301 1129 1453 1197 deminus

295 1256 369 1304 eurn
400 1240 475 1327 post
505 1238 769 1304 resurrectionem
797 1235 985 1320 mcepisset
1018 1237 1074 1320 qni
1101 1236 1194 1303 nobis
1226 1238 1273 1304 itu
1302 1238 1454 1321 praebuit

295 1342 467 1428 corporalis
493 1342 736 1410 resurrectionis
764 1343 956 1427 exemplum,
988 1346 1027 1409 ut
1053 1343 1126 1409 hino
1155 1344 1321 1429 apostolus
1349 1342 1451 1412 dieat:

270 1447 337 1515 Ὶ81
378 1448 530 1515 mortui
576 1467 654 1516 non
700 1451 937 1534 resurgunt,
980 1467 1111 1533 neque
1156 1446 1351 1517 Christus
1397 1469 1453 1516 re·

295 1554 485 1623 surrexit
528 1555 584 1639 qui
616 1574 690 1622 cnm
721 1552 874 1622 membris
903 1554 1052 1621 omnibus
1084 1563 1249 1640 appareret
1277 1574 1451 1638 corumque
1467 1581 1495 1620 ιο

296 1660 410 1728 officiis
445 1666 599 1742 uteretur,
635 1650 722 1728 loca¹
742 1660 841 1729 etiarn
876 1661 1047 1727 uulnerum
1085 1660 1327 1752 demonstrauit.
1369 1681 1451 1745 quas

295 1787 355 1853 ego
384 1767 558 1848 cicatrices,
591 1787 654 1834 non
681 1769 752 1853 ipsa
778 1766 912 1862 uulnera
939 1787 1065 1853 sempor
1088 1769 1196 1853 accepi
1219 1771 1253 1834 et
1279 1786 1334 1834 eas
1360 1769 1451 1851 ipsas

294 1877 466 1957 potestate,
497 1862 916 1941 nonamdecimam
948 1874 1119 1959 potestatis
1150 1874 1341 1942 facilitatem
1372 1878 1452 1940 tuno

295 1979 430 2046 maxime
458 1979 607 2060 ostendit
631 1999 704 2048 eum
726 1980 781 2046 uel
803 1978 836 2045 in
861 1978 924 2046 alia
950 1979 1053 2046 forma
1080 1999 1116 2047 ee
1138 1979 1370 2047 demonstrauit
1396 1981 1452 2046 uel

295 2087 327 2152 in
364 2086 458 2154 domo
496 2086 663 2172 discipulis
705 2085 906 2167 constitutis²
944 2105 1020 2154 oum
1061 2087 1144 2153 ostis
1185 2088 1296 2153 clausa
1331 2090 1452 2167 essent,
1474 2112 1502 2154 se

295 2211 392 2258 uerus
415 2192 572 2277 apparuit

252 2300 271 2364 8
339 2297 430 2363 Hine
454 2298 555 2363 oritur
588 2298 632 2364 de
659 2297 781 2385 angelis
813 2299 970 2381 quaestio,
1007 2301 1116 2365 utrum
1149 2298 1288 2366 habeant
1320 2302 1453 2382 corpora

296 2404 364 2471 enis
397 2404 512 2471 officiis
544 2408 579 2473 et
609 2404 906 2472 concursationibus
939 2424 1089 2490 congrua,
1125 2423 1165 2471 an
1195 2408 1323 2471 tantum
1354 2405 1452 2471 modo

296 2512 428 2595 spiritus
456 2512 531 2578 sint.
560 2513 589 2578 si
612 2511 697 2578 enim
725 2512 842 2579 habere
866 2511 1049 2591 dixerimus,
1077 2512 1217 2579 eccardi
1238 2510 1346 2589 nobie:
1375 2508 1455 2592 Qui

295 2617 402 2683 iacit
437 2616 608 2702 angelos
650 2635 747 2683 suos
789 2617 980 2701 spiritum
1023 2618 1051 2682 si
1088 2619 1195 2684 antem
1232 2636 1295 2684 non
1336 2616 1506 2685 haberem

296 2723 477 2801 dixerimus,
509 2722 584 2807 plus
616 2723 714 2790 habet
741 2723 894 2808 scrupuli,
927 2723 1113 2807 qno-modo
1142 2724 1298 2808 scriptum
1326 2724 1370 2789 sit
1384 2736 1454 2790 'eos

296 2828 455 2913 corporeis
482 2829 648 2895 hominum
672 2829 819 2895 sensibus
843 2830 911 2896 sine
935 2848 1065 2913 corpore
1088 2833 1318 2913 praesentatos,
1345 2829 1455 2913 hospi·

296 2937 342 3001 tio
370 2937 549 3019 susceptos,
577 2935 676 3019 pedes
700 2935 747 3001 eis
772 2934 870 3013 lotos,
900 2935 1068 3001 edentibus
1092 2938 1127 3001 et
1152 2936 1338 3001 bibentibus
1361 2936 1454 3001 mini·

296 3046 443 3118 atratum.
469 3042 597 3109 bailius
621 3043 705 3108 enim
727 3041 831 3108 uideri
857 3045 967 3127 potest
994 3042 1042 3107 sic
1065 3060 1137 3108 esee
1164 3042 1297 3127 spiritus
1322 3043 1453 3127 angelos

296 3148 400 3215 dictos
428 3152 467 3214 ut
492 3149 638 3215 homines
667 3149 798 3228 animas,
827 3149 915 3215 sicut
942 3149 1097 3233 scriptum
1121 3154 1172 3216 est
1194 3167 1270 3216 cum
1296 3148 1392 3215 Iacob
1419 3149 1452 3215 in
1474 3174 1505 3217 se

234 3324 251 3341 „
295 3256 479 3340 Aegyptum
500 3258 552 3322 tot
572 3256 694 3321 animas
713 3250 918 3348 descendisse
941 3293 985 3304 -
1007 3256 1214 3339 nequeenim
1237 3273 1370 3339 corpora
1390 3275 1455 3321 non

295 3360 456 3427 habebant
490 3397 546 3440 -‚
587 3380 681 3445 quam
718 3365 757 3427 ut
792 3361 850 3427 illa
886 3362 993 3427 emnia
1029 3362 1097 3428 sine
1134 3362 1320 3446 corporibus
1361 3366 1455 3445 gesta

296 3466 473 3534 credantur.
505 3466 618 3533 deinde
642 3470 728 3534 certa
750 3468 907 3551 quaedam
929 3470 961 3534 in
983 3468 1180 3553 Apocalypsi
1202 3468 1307 3554 angeli
1330 3472 1456 3536 statiua

296 3572 445 3659 delinitur
465 3573 498 3639 in
522 3593 560 3639 ea
588 3593 745 3654 mensura,
775 3594 856 3658 quae
879 3574 942 3641 nisi
965 3592 1134 3660 corporum
1158 3592 1230 3641 esse
1252 3592 1315 3641 non
1337 3575 1454 3660 possit,

386 3815 880 3889 cuu0.2s,eo,·ea;10e.ar‚1e
948 3816 1197 3882 armarere
1232 3804 1235 3809 ’
1268 3815 1456 3881 romeos,

298 3903 494 3970 15-43;10h.
514 3905 557 3969 20,
578 3907 698 3971 14-2e;
717 3906 800 3961 Marc.
821 3906 864 3970 lo,
883 3907 973 3962 5-14
1042 3908 1076 3963 19
1094 3907 1138 3961 Pu.
1161 3906 1263 3972 1034
1325 3904 1358 3960 21
1380 3904 1456 3961 tien.

299 3994 340 4057 18.
360 3994 444 4060 2-e;
466 3993 507 4058 19,
527 3995 597 4049 lv-ll
652 3995 686 4050 25
705 3993 837 4059 aan.4s‚
856 3996 891 4050 27
946 3995 981 4050 28
999 3995 1085 4066 Apoo.
1107 3995 1149 4063 10,
1170 3995 1240 4050 1-3

334 4136 347 4190 l
368 4135 497 4205 corporis]
518 4135 665 4206 corporalis
683 4135 711 4191 P
763 4137 780 4191 3
799 4138 873 4193 cerlo
892 4136 931 4191 ibi
950 4136 978 4192 U
1029 4139 1046 4191 5
1065 4139 1176 4207 poterit,
1196 4138 1264 4189 aa]
1280 4136 1414 4205 poterunt
1434 4135 1463 4191 U

298 4224 332 4279 15
350 4223 441 4278 hostia
464 4222 492 4277 V
561 4224 596 4280 18
614 4224 867 4279 concursationibus
885 4223 975 4280 VUnr
1037 4226 1071 4280 21
1093 4224 1204 4295 scripuli
1222 4223 1250 4278 P
1316 4223 1351 4279 23
1370 4222 1460 4280 eden·

296 4311 384 4382 tibus]
404 4311 562 4367 sedentibus
580 4311 609 4366 P
662 4313 697 4367 26
716 4311 885 4368 distendisse
903 4312 931 4368 P
