3309 4867
485 2426 524 2487 9

568 425 696 488 116
1274 423 1327 474 S.
1385 419 1663 474 Aureli
1721 420 2154 490 Augustini

564 636 714 684 cum
770 616 1124 700 cogitarent
1178 615 1429 697 culpam
1488 614 1848 693 Caeciliani,
1906 636 1981 680 ne
2038 615 2316 680 schisma
2358 614 2558 693 fieret,
2607 627 2869 697 quoquo

565 721 756 787 modo
821 722 989 786 uelle
1054 720 1285 804 sopire,
1352 720 1605 786 dedisse
1673 721 1984 803 quendam
2059 722 2551 787 interuentorem
2626 719 2868 803 populo

566 847 722 896 suae
796 827 1259 894 communionis
1333 826 1500 908 apud
1577 826 2023 912 Carthaginem
2091 827 2462 905 constituto,
2528 827 2868 907 antequam

563 934 916 1022 Maiorinus
964 934 1272 998 aduersus
1322 931 1754 999 Caecilianum
1803 933 2216 999 ordinaretur.
2264 935 2433 999 hunc
2479 952 2629 1017 ergo
2674 916 2870 996 inter-

565 1045 893 1106 uentorem
932 1040 994 1104 in
1033 1058 1150 1104 suo
1189 1039 1635 1105 conuenticulo
1677 1060 1714 1104 a
1749 1040 1983 1107 nostris
2025 1039 2278 1104 dicebat
2322 1040 2626 1105 occisum.
2674 1037 2869 1121 quod,
2936 1063 2978 1116 ‚s

568 1148 787 1225 fateor,
844 1164 1190 1227 numquam
1238 1148 1423 1210 antea
1471 1165 1729 1228 prorsus
1777 1146 2119 1222 audieram,
2168 1147 2315 1211 cum
2359 1148 2490 1210 tam
2537 1144 2740 1210 multa
2787 1144 2866 1208 ab

568 1252 663 1317 eis
729 1252 979 1316 obiecta
1042 1251 1308 1316 crimina
1369 1251 1807 1317 refellerentur
1861 1255 1928 1317 et
1977 1252 2504 1336 redarguerentur
2547 1270 2586 1316 a
2626 1248 2870 1334 nostris

567 1343 768 1440 atque
816 1357 878 1421 in
935 1377 1044 1423 eos
1099 1356 1286 1439 plura
1339 1360 1403 1422 et
1456 1357 1700 1422 maiora
1751 1358 2130 1425 iacerentur.
2188 1357 2299 1422 sed
2361 1361 2573 1422 tamen
2622 1359 2868 1438 postea.

569 1483 761 1546 quam
828 1463 948 1528 hoc
1013 1464 1311 1541 narrauit,
1378 1482 1600 1529 rursus
1656 1482 1696 1527 a
1747 1483 1849 1528 me
1903 1464 2216 1528 instanter
2270 1463 2481 1546 coepit
2543 1480 2867 1545 quaerere.

569 1589 758 1652 quem
838 1569 1082 1635 iustum
1157 1565 1465 1653 putarem,
1543 1590 1792 1648 eumne,
1868 1571 1978 1654 qui
2053 1570 2307 1646 occidit,
2382 1590 2457 1635 an
2525 1589 2691 1648 eum,
2759 1570 2871 1651 qui
2912 1596 2979 1633 ιο

570 1676 823 1742 occisus
879 1680 1070 1755 esset,
1132 1678 1316 1759 quasi
1371 1676 1497 1741 iam
1553 1676 1714 1741 mihi
1759 1677 2167 1760 probauisset
2209 1677 2319 1751 ita,
2367 1681 2441 1742 ut
2487 1679 2882 1752 narrauerat,

568 1802 711 1847 esse
776 1782 1213 1848 commissum.
1285 1782 1572 1847 dicebam
1640 1801 1790 1867 ergo
1852 1785 2053 1866 prius,
2119 1786 2334 1848 utrum
2396 1802 2622 1848 uerum
2678 1785 2870 1856 esset,

571 1908 711 1955 esse
767 1889 1226 1972 quaerendum
1287 1908 1409 1954 non
1458 1890 1626 1954 enim
1675 1893 1912 1954 temere
1959 1889 2130 1955 credi
2177 1892 2487 1972 oportere,
2537 1906 2871 1971 quaecum-

573 2014 694 2078 que
759 1995 1084 2070 dicuntur;
1152 1998 1218 2061 et
1280 1998 1492 2059 tamen
1555 1995 1692 2058 fieri
1757 1997 2064 2078 potuisse,
2131 1997 2208 2061 ut
2268 1996 2377 2060 uel
2431 1996 2617 2060 ambo
2672 2012 2872 2076 aeque

572 2103 723 2167 mali
773 2105 988 2166 essent
1033 2101 1138 2165 uel
1186 2101 1375 2165 etiam
1424 2102 1705 2184 peiorem
1753 2102 2090 2185 quisquam
2147 2103 2355 2167 malus
2411 2101 2749 2167 occideret.
2805 2120 2873 2165 re
2914 2128 2975 2167 ιο

575 2226 723 2273 uera
778 2209 941 2271 enim
1004 2207 1140 2271 fien‘
1196 2211 1431 2289 potest,
1489 2212 1562 2272 ut
1618 2209 1986 2273 sceleratior
2039 2208 2128 2273 sit
2188 2208 2612 2293 rebaptizator
2672 2207 2874 2272 totius

572 2315 849 2380 hominis
898 2334 1084 2396 quam
1136 2313 1339 2378 solius
1388 2314 1670 2395 corporis
1715 2314 2149 2397 interemptor.

664 2418 847 2485 Unde
904 2420 1092 2484 etiam
1152 2419 1336 2497 illud,
1395 2420 1565 2502 quod
1612 2439 1649 2484 a
1695 2440 1796 2484 me
1850 2418 2077 2503 'postea
2124 2420 2464 2503 quaesiuit,
2510 2421 2637 2485 iam
2685 2438 2873 2501 quae-

573 2526 839 2591 rendum
900 2545 1043 2636 ηοῐιχ
1070 2531 1223 2592 erat.
1274 2526 1364 2591 ait
1409 2527 1576 2590 enim
1624 2525 1816 2591 etiam
1862 2528 2104 2591 malum
2155 2546 2278 2592 non
2327 2526 2625 2591 debuisse
2670 2525 2872 2590 occidi

576 2654 612 2696 a
660 2632 1038 2697 Christianis
1099 2638 1163 2697 et
1218 2633 1435 2706 iustis;
1495 2634 1677 2716 quasi
1736 2652 1848 2697 nos
1915 2652 2046 2713 eoS,
2096 2635 2204 2715 qui
2252 2634 2406 2698 haec
2453 2634 2513 2697 in
2563 2631 2875 2699 catholica
2913 2662 2975 2700 ιο

573 2739 835 2815 faciunt,
891 2739 1096 2805 iustos
1157 2757 1480 2804 uocemus.
1542 2757 1701 2820 quae
1748 2743 1959 2805 tamen
2005 2740 2189 2805 nobis
2237 2740 2314 2803 ab
2363 2741 2505 2805 istis
2555 2739 2678 2803 dici
2725 2738 2875 2803 faci-

575 2845 702 2910 lius
769 2864 954 2928 quam
1022 2844 1275 2929 probari
1339 2846 1568 2920 solent,
1637 2863 1784 2916 cum
1860 2850 1991 2910 tam
2062 2845 2302 2910 multas
2375 2844 2874 2911 uiolentissimas

575 2951 799 3016 caedes
858 2955 923 3015 et·
977 2958 1223 3035 strages
1280 2949 1566 3034 plerique
1622 2950 1907 3033 ipsorum
1966 2954 2034 3016 et
2085 2951 2371 3035 episcopi
2418 2957 2483 3016 et
2525 2952 2877 3035 presbyteri

578 3062 643 3122 et
700 3057 974 3141 quilibet
1029 3056 1243 3120 clerici
1302 3055 1707 3140 congregatis
1765 3057 1969 3121 turbis
2034 3057 2363 3122 hominum
2426 3057 2880 3123 furiosissimo-

577 3183 715 3229 rum
766 3182 888 3229 non
938 3162 1273 3227 catholicis
1314 3160 1423 3226 sed
1462 3180 1583 3227 non
1625 3180 1970 3245 numquam
2010 3159 2201 3228 etiam
2243 3164 2400 3241 suis,
2437 3164 2550 3229 ubi
2587 3166 2876 3246 possunt,
2915 3193 2972 3233 vs»

578 3269 806 3334 inferre
852 3288 973 3333 non
1019 3271 1293 3334 cessent.
1342 3286 1502 3350 quae
1549 3287 1697 3332 cum
1745 3268 1836 3333 ita
1883 3270 2031 3345 sint,
2080 3269 2492 3334 dissimulans
2541 3273 2752 3335 tamen
2800 3269 2877 3334 ab

580 3374 1093 3439 sceleratissimis
1142 3374 1329 3438 factis
1378 3392 1661 3451 suorum,
1709 3393 1868 3456 quae
1916 3376 2053 3457 ipse
2102 3376 2248 3458 plus
2295 3377 2495 3452 nouit,
2543 3375 2878 3459 urguebat,

582 3486 655 3546 ut
692 3482 987 3555 dicerem,
1030 3480 1171 3562 quis
1219 3479 1535 3544 iustorum
1584 3481 1689 3543 uel
1737 3482 1975 3546 malum
2024 3481 2298 3565 aliquem
2348 3481 2666 3548 occiden‘t.
2713 3481 2880 3563 quod

582 3588 773 3651 etiam
822 3588 876 3651 si
925 3586 1003 3651 ad
1051 3605 1309 3651 causam
1354 3586 1479 3649 iam
1532 3605 1651 3650 non
1701 3587 2076 3669 pertinebat,
2122 3587 2480 3652 fatebamur
2524 3588 2692 3652 enim
2728 3588 2882 3652 haec

659 3780 678 3831 1
729 3794 832 3846 quo
872 3778 1000 3832 ΜΓ
1091 3780 1124 3830 2
1164 3775 1336 3831 uelles
1374 3777 1581 3846 operire
1618 3776 1799 3831 MFA
1899 3778 1932 3830 8
1971 3794 2066 3847 sm„-
2108 3778 2159 3848 (ς
2197 3795 2263 3831 ex
2299 3784 2461 3844 corr.)
2502 3778 2575 3832 M
2667 3779 2702 3832 4
2740 3778 2880 3832 hinc.

590 3891 630 3915 ..a
686 3875 702 3915 l
743 3883 882 3921 corr.
921 3867 1064 3920 hunc
1102 3866 1157 3921 R
1304 3882 1433 3934 ergo
1473 3883 1555 3919 om
1614 3866 1680 3919 in
1708 3866 1827 3933 fine
1859 3883 1917 3919 u.
1956 3867 2029 3919 M
2134 3869 2166 3920 6
2207 3871 2333 3920 ante
2370 3867 2426 3920 P
2532 3884 2651 3920 cum
2691 3882 2795 3921 om.
2835 3866 2888 3919 P

662 3955 831 4008 multu
871 3954 925 4007 R
1071 3956 1101 4010 7
1143 3952 1429 4007 criminare
1469 3953 1790 4007 fellerentur
1828 3953 2000 4007 MFA
2155 3957 2190 4029 9
2227 3971 2435 4009 rursum
2473 3956 2533 4010 F
2669 3956 2743 4009 10
2781 3953 2882 4007 altu

590 4060 806 4104 -,..·m·ua
845 4044 981 4112 ras.)
1012 4043 1065 4095 P
1174 4044 1237 4096 ll
1279 4046 1625 4100 enarrauerat
1650 4042 1706 4094 P
1823 4043 1889 4095 12
1930 4023 2199 4104 dicebant,
2240 4059 2375 4096 corn
2407 4062 2475 4097 m.
2500 4049 2527 4097 1
2565 4042 2809 4098 dicebam
2841 4045 2893 4096 1²

602 4139 610 4179 ἓ
642 4139 654 4179 ·'
702 4119 1052 4202 interemptor
1088 4130 1259 4184 solius
1299 4130 1534 4199 corporis
1571 4123 1627 4184 R
1757 4129 1821 4182 18
1860 4133 2049 4198 postea
2089 4130 2120 4182 a
2157 4146 2242 4182 me
2280 4129 2334 4182 R
2469 4132 2539 4185 25
2579 4130 2883 4198 catholicis!

662 4220 874 4272 lsluolicis
913 4223 1124 4271 tantum
1165 4217 1285 4272 edd.
1467 4219 1535 4271 26
1576 4218 1789 4290 comita.
1828 4221 1958 4271 m.2
1997 4231 2115 4271 cum
2155 4219 2234 4271 ita
2268 4218 2343 4272 M
2456 4274 2460 4278 ,
2509 4221 2577 4273 28
2619 4218 2886 4273 occideret

602 4305 963 4374 .lfi÷'AI’flr
1070 4308 1138 4359 29
1178 4307 1283 4359 iam
1324 4323 1430 4359 non
1469 4307 1574 4360 iam
1615 4309 1667 4358 A
