3309 4867
638 351 907 426 epistularum
932 353 1029 411 um.
1343 363 1406 430 127

254 546 317 611 iarn
342 545 458 612 ‹inrare
479 563 542 612 non
564 547 679 630 possit,
706 547 754 613 ita
779 548 963 629 occurrerit,
989 546 1028 614 nt
1053 549 1086 615 in
1113 550 1186 634 ipsa
1215 555 1407 623 necessitate

255 652 358 732 famis,
387 653 420 718 in
454 671 518 735 qua
550 652 613 719 sibi
645 653 735 720 uidet
764 653 829 720 ism
864 659 999 722 mortem
1031 645 1216 741 proximare,
1248 661 1408 730 inuenerit

255 759 360 826 eibum
389 759 423 824 in
456 759 555 830 idolio
586 761 742 844 positum,
774 762 831 828 ubi
853 763 973 828 'nullus
997 763 1049 838 ‚sit
1080 764 1257 844 hominum,
1285 769 1318 833 et
1345 789 1406 835 non

253 865 357 950 possit
375 865 519 932 inuenire
541 866 639 932 alium
662 866 782 946 eibum,
806 861 902 934 dehet
923 869 1005 935 mori
1027 871 1084 936 ant
1106 870 1217 937 exinde
1239 872 1360 939 oibaril

222 993 236 1033 a
298 955 372 1039 11Π.1
402 972 438 1039 Si
473 971 674 1040 Christianus
706 973 816 1040 uideat
847 994 881 1041 ss
913 995 932 1040 a
963 971 1096 1043 barbaro
1128 977 1182 1043 nel
1215 998 1234 1044 s
1260 978 1404 1046 Romano

255 1080 337 1146 uelle
367 1078 515 1157 interfici,
547 1080 643 1147 dehet
675 1099 730 1148 eoa
758 1081 827 1166 ipss
857 1081 1057 1150 Christianus
1083 1080 1270 1164 interfluere,
1298 1105 1338 1152 ne
1366 1087 1406 1153 ah
1440 1169 1442 1172 Ι

254 1185 320 1251 illis
345 1186 575 1253 interficiatur?
603 1186 658 1254 nel
686 1188 715 1253 si
742 1186 820 1253 lioet
852 1188 921 1254 sine
952 1188 1173 1257 interiectione
1205 1210 1260 1259 eos
1290 1193 1406 1279 inpug-

255 1311 328 1358 nare
351 1293 406 1359 nol
429 1293 684 1377 repellere‚qnia
707 1293 829 1359 dictum
853 1296 918 1361 est:
940 1293 1024 1361 Non
1051 1296 1252 1363 resistere
1276 1300 1405 1365 molo?

298 1395 386 1464 Xlll.
415 1398 450 1465 Si
473 1418 601 1466 murum
623 1400 820 1484 possessioni
844 1401 941 1466 debet
963 1399 1163 1468 Christianus
1185 1403 1290 1470 faeere
1311 1424 1406 1489 prop·

210 1526 237 1565 ro
254 1507 302 1569 ter
328 1504 455 1571 hostem
484 1509 516 1571 et
543 1506 572 1572 si
598 1505 654 1572 ille
683 1506 894 1585 Christianus,
924 1507 978 1591 qui
1006 1507 1117 1575 leserit
1144 1501 1281 1589 murum,
1309 1529 1406 1578 osuso

201 1601 204 1605 “
254 1630 314 1677 non
342 1611 453 1677 existit
478 1611 654 1689 homicidii,
684 1630 758 1677 oum
785 1612 860 1678 inde
888 1612 988 1696 aliqui
1016 1615 1177 1697 coeperint
1203 1634 1345 1700 pugnero
1373 1622 1406 1682 et

253 1717 427 1784 interficere
451 1718 583 1784 hostes?
658 1752 660 1755 ⁴
996 1791 999 1798 ,

295 1824 383 1909 prr.
409 1822 444 1891 si
467 1825 546 1891 noer
570 1824 608 1891 oe
630 1825 719 1891 roure
742 1824 850 1891 sinere
874 1824 928 1890 uer
956 1824 995 1889 oe
1021 1831 1129 1908 puseo,
1157 1809 1214 1892 uni
1241 1827 1281 1893 oa
1308 1828 1404 1894 saco

253 1929 324 1996 ficio
348 1923 470 2014 aliquid
491 1931 627 1997 missum
652 1934 724 1997 est?
748 1930 776 1996 si
799 1930 838 1996 de
861 1934 970 2015 pateo,
994 1932 1079 2014 quod
1102 1932 1134 1997 in
1158 1935 1277 2017 templo
1302 1937 1404 2003 estet

210 2055 236 2096 aa
255 2035 415 2131 desertum
445 2037 567 2103 fantum
600 2042 660 2117 est,
694 2037 789 2104 debet
818 2037 893 2103 inde
927 2036 1126 2104 Christianus
1158 2039 1285 2104 hibere?
1313 2040 1341 2107 si
1369 2041 1400 2106 in

252 2144 383 2227 templo,
412 2143 499 2227 qnod
526 2144 653 2224 colitur,
680 2143 761 2209 idoli
788 2145 908 2227 putens
934 2143 981 2209 ihi
1008 2145 1133 2210 situel
1161 2144 1231 2211 lons
1259 2151 1292 2212 et
1323 2147 1403 2213 nihil

252 2249 297 2314 ibi
329 2251 449 2316 foetum
481 2251 525 2316 sit
555 2250 588 2315 in
621 2247 733 2334 eodem
765 2252 863 2333 puteo
896 2250 949 2315 nel
977 2249 1073 2328 sonte,
1104 2252 1132 2316 si
1160 2251 1254 2325 debet
1276 2251 1402 2319 hsnrhe

253 2376 366 2440 squam
389 2357 462 2422 inde
485 2357 686 2434 Christianus
709 2360 743 2422 et
765 2357 894 2423 bibere?

296 2464 366 2530 XV.
390 2464 425 2530 Si
448 2462 648 2530 Christianus
672 2463 768 2530 dohet
788 2464 820 2528 in
844 2464 967 2529 balneis
989 2463 1097 2529 lensre
1121 2464 1173 2529 uel
1195 2464 1227 2529 in
1256 2465 1400 2544 thermis,

206 2588 235 2628 so
252 2568 285 2632 in
317 2571 434 2654 quihus
468 2568 664 2635 sacrificatur
696 2570 900 2636 simulacris?
936 2569 964 2635 si
1002 2568 1203 2636 Christianus
1239 2570 1335 2637 debet
1368 2572 1400 2636 in

253 2676 385 2757 balneis,
410 2676 526 2760 quihus
549 2677 581 2742 in‘
605 2673 656 2742 die
678 2676 762 2742 festo
786 2695 844 2741 sno
868 2677 984 2760 pegeni
1005 2676 1064 2741 loti
1088 2679 1173 2755 sunt,
1196 2678 1303 2743 lsuore
1331 2678 1401 2743 sius

253 2801 325 2848 oum
347 2783 428 2867 ipsis
450 2783 520 2848 siue
544 2784 611 2849 sino
634 2784 736 2868 ipsis?

296 2888 380 2954 XVI.
406 2889 440 2955 Si
467 2889 499 2954 in
524 2890 621 2967 solio,
650 2889 705 2954 nbi
738 2888 970 2955 descenderunt
1000 2889 1115 2974 pegeni
1148 2888 1187 2956 ab
1219 2888 1314 2955 idolis
1347 2909 1401 2955 ue·

218 3124 221 3128 ’
339 3147 575 3213 suasisse

287 3272 408 3327 liurare
428 3272 456 3325 P
472 3270 578 3337 dnomo,
597 3275 663 3326 m.2
681 3271 778 3325 durare
795 3271 823 3325 A
882 3285 1021 3325 occurrere
1038 3270 1067 3324 A
1110 3268 1219 3325 Sidolo
1238 3271 1264 3325 A
1309 3272 1398 3346 tant}

250 3375 284 3413 an
302 3359 339 3414 Ρι
407 3360 475 3415 vinole
492 3360 556 3414 MA
609 3360 687 3431 δυο]
706 3375 736 3415 so
754 3358 840 3414 nolP
887 3358 954 3413 fuel
967 3358 1087 3412 Romano
1106 3358 1124 3422 f
1130 3358 1199 3412 ism
1253 3358 1398 3430 lsilioet]

249 3448 356 3504 seilicet
371 3449 400 3503 A
525 3449 686 3519 impugnare
709 3447 756 3502 nel
777 3447 910 3518 repellero
932 3446 1020 3516 sipoto
1036 3450 1098 3501 m.1
1116 3461 1187 3502 corr.
1206 3446 1336 3520 repellere
1354 3448 1400 3504 nol

248 3536 408 3607 impugnare
425 3536 455 3591 P
470 3537 601 3608 repellero
619 3537 666 3593 nol
683 3537 842 3607 impugnare
864 3535 925 3592 edd.
989 3533 1145 3589 8dieotnm
1162 3533 1194 3589 F
1256 3534 1399 3606 iposaes-

248 3624 319 3679 moni
332 3632 421 3695 postr.
441 3627 460 3680 l.
479 3642 512 3681 ex
529 3642 588 3683 ros.
607 3626 635 3679 A
690 3626 722 3679 11
743 3625 844 3680 existat
860 3623 898 3679 Μ
951 3624 1050 3693 aliqui·
1065 3622 1094 3690 (d
1114 3628 1196 3691 eros.)
1214 3624 1242 3678 P
1259 3623 1357 3696 aliquis
1370 3623 1399 3680 R

284 3716 406 3784 caeperit
422 3715 452 3771 B
524 3716 558 3770 13
576 3715 684 3771 soilioet
701 3715 729 3768 A
806 3713 899 3780 fonde,
916 3714 984 3768 m
999 3711 1075 3768 sonte
1093 3714 1121 3766 A
1194 3713 1228 3767 14
1247 3711 1332 3783 qnod]
1349 3713 1399 3783 qui

247 3803 308 3856 edd.
417 3804 446 3859 in
468 3804 601 3874 templum
619 3802 749 3859 now
774 3806 851 3871 (m
872 3803 902 3860 in
923 3803 1038 3873 templo)
1130 3804 1164 3858 15
1183 3802 1247 3856 inde
1264 3817 1318 3858 om.
1336 3801 1398 3856 odd.

249 3893 283 3947 16
301 3892 374 3962 qnod
392 3892 492 3948 oolitnr
509 3893 586 3958 idoli,
603 3897 670 3949 Μ
688 3910 742 3963 qno
760 3893 860 3947 oolitur
876 3890 980 3948 idolum
997 3890 1036 3946 P¹
1059 3908 1113 3961 qno
1133 3891 1232 3958 oolitnr
1248 3888 1353 3945 idolum
1371 3907 1399 3944 m

248 3981 282 4034 17
300 3985 377 4050 puto,
395 3981 614 4054 saputem
688 3981 833 4047 fonteson
846 3980 968 4049 eros.lP
1021 3979 1056 4034 18
1075 3982 1103 4033 et
1121 3976 1398 4046 om.‚m.8'odd.P¹

244 4069 283 4123 19
300 4069 387 4124 lauari
405 4072 433 4126 R
504 4071 549 4126 uel
567 4071 720 4125 interminio
740 4071 838 4141 quibus
857 4069 921 4124 F·
963 4067 999 4124 20
1016 4068 1046 4123 in
1064 4067 1170 4123 balneis
1188 4068 1281 4123 lauare
1299 4066 1397 4136 quihus

247 4162 317 4224 (non
335 4175 386 4214 om.
404 4158 497 4213 lauare
511 4165 577 4229 post
600 4163 674 4228 sunt)
695 4158 733 4212 M
752 4159 780 4213 in
803 4157 909 4213 balneis
932 4159 961 4212 in
985 4157 1082 4227 quibus
1101 4158 1128 4210 A
1175 4170 1177 4174 ’
1253 4157 1286 4209 21
1311 4154 1397 4209 locuti

247 4253 292 4313 (cn
311 4250 382 4317 exp.)
402 4244 433 4300 F
1041 4249 1046 4260 '
