3309 4867
1058 412 1586 483 epistularum
1644 414 1782 471 CIV.
1839 413 1949 471 CV.
2529 422 2658 487 595

358 606 531 672 tione
593 623 946 690 parcamus.
1015 605 1175 672 deus
1239 606 1599 673 misericors
1665 610 1730 674 et
1781 626 1972 674 uerax
2027 612 2091 675 te
2146 608 2450 676 felicitate
2508 629 2659 677 uera

363 711 591 778 donare
638 710 952 796 dignetur.

1439 923 1569 990 CV.

576 1058 1037 1118 monemus
1072 1060 1475 1118 EPISCOPUS
1512 1060 1927 1121 GATHOLIGU
1932 1064 1967 1118 S
2003 1063 2457 1122 DONATISTIS.

157 1192 196 1257 1
224 1193 257 1256 1
294 1211 321 1251 ε
453 1187 697 1254 Caritas
746 1185 1004 1265 Christi,
1051 1188 1158 1254 cui
1204 1207 1453 1255 omnem
1501 1176 1845 1267 hominem,
1894 1192 2200 1272 quantum
2248 1188 2330 1254 ad
2372 1193 2652 1257 nostram

353 1294 631 1379 pertinet
683 1293 1102 1372 uoluntatem,
1165 1293 1399 1361 lucrari
1454 1294 1778 1373 uolumus,
1834 1300 2043 1362 tacere
2098 1295 2284 1362 nobis
2339 1316 2459 1361 nou
2516 1314 2651 1380 per·

354 1400 579 1466 mittit.
635 1400 690 1466 si
736 1402 1068 1485 propterea
1112 1420 1227 1468 nos
1275 1401 1525 1478 odistis,
1572 1402 1724 1486 quia
1769 1420 1990 1485 pacem
2036 1402 2225 1467 uobis
2273 1402 2650 1468 catholicam

354 1506 818 1590 praedicamus,
863 1524 980 1572 nos
1017 1505 1271 1572 domino
1321 1507 1636 1572 semimus
1687 1506 1955 1572 dicenti:
2000 1507 2241 1575 Beati
2286 1508 2649 1590 pacifici,

356 1613 733 1696 quoniam
782 1611 946 1695 ipsi
990 1612 1167 1679 filii
1213 1612 1341 1678 dei
1389 1614 1921 1686 nocebuntur,
1958 1618 2026 1680 et
2060 1614 2123 1678 in
2164 1613 2411 1696 psalmo
2451 1615 2645 1698 scrip-

261 1741 317 1781 ιο
353 1723 495 1786 tum
548 1726 677 1785 est:
744 1717 931 1786 Cum
987 1719 1136 1798 his,
1193 1720 1329 1802 qui
1404 1720 1756 1786 oderunt
1820 1738 2116 1801 pacem,
2173 1737 2379 1784 eram
2437 1721 2649 1802 paci*

353 1827 603 1905 ficus3
671 1845 841 1891 cum
907 1824 1299 1909 loquebar
1364 1825 1504 1904 eis,
1570 1823 2107 1890 debellabant
2167 1843 2284 1889 me
2360 1825 2647 1909 gratis.

351 1925 684 2017 propterea
726 1931 1188 1998 mandauerunt
1232 1932 1415 1999 nobis
1454 1930 1713 2014 quidam
1761 1930 2112 2016 presbyteri
2159 1932 2360 2014 partis
2398 1935 2650 1997 uestrae

355 2039 666 2109 dicentest
741 2038 1061 2105 ‘Recedite
1135 2057 1174 2103 a
1244 2037 1542 2122 plebibus
1615 2037 1874 2115 nostrie,
1949 2038 2004 2102 si
2080 2056 2201 2102 non
2278 2037 2499 2116 nultiS,
2578 2042 2650 2102 ut

351 2145 808 2211 interficiamus
881 2152 1044 2210 uos!
1117 2149 1351 2228 quanto
1415 2144 1652 2210 iustius
1719 2144 1812 2208 eis
1883 2163 1999 2208 nos
2067 2142 2378 2228 dicimunq
2436 2144 2640 2209 Immo

262 2273 315 2316 ιο
354 2271 472 2319 uos
527 2270 647 2317 non
705 2250 999 2329 recedite,
1057 2251 1171 2318 sed
1218 2250 1502 2317 accedite
1554 2250 1766 2335 pacati
1806 2247 1892 2315 ad
1945 2249 2166 2333 plebes
2221 2268 2342 2315 non
2395 2254 2643 2316 nostras

352 2357 463 2424 sed
509 2357 710 2435 illius,
766 2358 947 2423 cuius
995 2377 1215 2424 omnes
1263 2376 1513 2434 sumus;
1574 2360 1690 2422 aut
1734 2356 1792 2421 si
1838 2374 1960 2420 non
2007 2356 2212 2420 uultis
2262 2357 2326 2420 et
2368 2355 2646 2440 inpacati

354 2464 532 2543 estis,
596 2482 716 2530 uos
780 2463 997 2547 potius
1062 2462 1342 2530 recedite
1407 2482 1446 2528 a
1506 2460 1824 2548 plebibus,
1889 2480 2002 2547 pro
2060 2461 2294 2546 quibus
2350 2459 2644 2526 Christus

352 2588 542 2635 suum
583 2569 953 2655 sanguinem
1000 2569 1187 2649 fudit,
1227 2589 1387 2651 quas
1423 2567 1566 2634 ideo
1605 2567 1810 2636 uultis
1850 2570 2097 2633 uestras
2132 2567 2361 2644 facere,
2399 2585 2476 2631 ne
2514 2566 2647 2631 sint

352 2675 610 2755 Christi,
678 2675 971 2760 quamuis
1037 2694 1145 2742 eas
1214 2675 1334 2741 sub
1390 2680 1529 2741 eius
1584 2673 1840 2741 nomine
1909 2672 2237 2759 possidere
2312 2672 2641 2751 conemini,

260 2804 317 2844 no
350 2785 676 2866 tamquam
724 2780 779 2846 si
827 2800 1052 2849 seruus
1099 2783 1345 2849 furetur
1379 2799 1535 2847 oues
1573 2779 1651 2845 de
1690 2798 1881 2865 grege
1918 2779 2156 2846 domini
2194 2778 2295 2844 sni
2333 2781 2416 2856 et,
2455 2797 2640 2862 quae-

527 3024 562 3080 8
598 3024 795 3082 matth.
836 3029 888 3089 5,
924 3027 959 3079 9
1072 3028 1139 3080 10
1173 3025 1263 3082 Ps.
1307 3025 1425 3089 119,
1464 3026 1496 3076 7

426 3186 455 3239 1
493 3199 624 3238 uera
659 3200 761 3238 om.
810 3182 860 3236 V
896 3184 1009 3237 lar

561 3340 635 3395 M
670 3364 736 3386 -ε
775 3339 894 3395 ccii.
930 3340 1289 3397 Monacensis
1329 3344 1492 3396 6266
1525 3357 1568 3395 s.
1607 3342 1684 3396 X.

562 3429 624 3483 F
674 3453 740 3475 =
781 3429 898 3486 cod.
935 3427 1374 3499 Salicburqenn'c
1407 3430 1470 3484 X
1505 3430 1587 3485 29
1619 3446 1664 3486 s.
1703 3427 1945 3482 X-XI.

563 3518 615 3571 Δ
666 3542 734 3564 =
773 3518 890 3571 cod.
929 3518 1546 3589 Audonaropowam
1587 3520 1680 3576 76.
1722 3522 1778 3580 8,
1814 3518 1851 3571 9
1884 3531 1929 3571 s.
1967 3514 2210 3569 X-XI,

562 3606 618 3661 P
662 3631 732 3654 ==
770 3605 884 3660 cod.
923 3606 1225 3662 Pas-isim
1258 3622 1389 3662 m.
1427 3622 1544 3677 acq.
1581 3609 1739 3660 1444
1773 3620 1819 3659 c.
1856 3604 1967 3659 XI.

560 3694 617 3751 R
673 3720 741 3741 =
777 3694 895 3750 cod.
933 3694 1081 3751 Mus.
1119 3695 1267 3750 Brit.
1304 3694 1436 3766 Ray.
1480 3697 1515 3749 5
1552 3694 1612 3748 D
1655 3693 1749 3748 VI
1775 3709 1819 3748 c.
1857 3690 2173 3747 XI--XIL

419 3855 459 3909 5
493 3854 604 3925 cui]
643 3871 762 3914 cum
798 3854 855 3908 Ρ
1047 3855 1081 3910 6
1117 3855 1277 3910 uobis
1313 3853 1549 3909 MEAP
1737 3852 1773 3907 9
1808 3851 2055 3921 ipsium.
2090 3848 2221 3903 MP
2253 3852 2344 3915 (m.
2365 3846 2445 3901 1?
2480 3845 2641 3911 edd.)

351 3944 419 3998 10
455 3944 525 3998 iis
546 3943 593 4011 f
609 3944 750 3998 lrm
868 3942 1147 3998 ·.odennt
1182 3942 1241 4011 (b
1277 3947 1443 4009 crac.)
1478 3940 1550 3994 M
1585 3937 1962 3995 oderaut'AR
2111 3937 2173 3991 11
2217 3951 2336 3989 cum
2371 3932 2639 4003 loquebar

348 4049 417 4089 m.
439 4036 479 4087 2
513 4049 580 4087 ex
615 4029 983 4101 conloquebar
1004 4031 1062 4085 P
1198 4030 1313 4086 illis
1340 4028 1453 4084 AR
1486 4044 1589 4084 aec.
1630 4027 1788 4098 νεαρ.
1826 4025 2112 4098 (Septuay.
2153 4023 2349 4090 αὐτοῖς)
2463 4022 2527 4076 13
2553 4019 2636 4076 di·

349 4121 538 4183 centis,
575 4136 713 4176 corr.
750 4122 872 4173 ml
906 4117 1150 4174 dicentes
1183 4117 1247 4175 F
1365 4119 1430 4171 14
1468 4134 1540 4180 es,
1581 4132 1719 4171 corr.
1757 4132 1828 4170 m.
1850 4119 1882 4169 1
1921 4116 2000 4169 eis
2034 4113 2109 4168 Μ
2216 4111 2282 4165 15
2321 4109 2528 4180 peccati
2567 4108 2638 4162 M

349 4210 416 4265 16
452 4209 722 4278 iupacoati
755 4208 829 4263 M
1041 4206 1110 4262 18
1147 4207 1468 4279 sauguinem
1503 4221 1657 4259 snum
1688 4204 1920 4274 punctis
1954 4218 2093 4257 corr.
2130 4199 2205 4254 Μ
2432 4196 2634 4254 Christi

348 4299 460 4352 sint
493 4298 614 4353 edd.

2459 4391 2559 4444 880
