3309 4867
635 325 901 395 epistularum
929 324 986 378 LII.
1329 326 1389 389 151

240 519 392 585 habuisse
420 539 551 585 causam
581 520 706 594 bonam,
736 520 790 602 qui
819 540 887 584 earn
914 520 997 602 apud
1021 519 1145 585 medios
1166 519 1289 584 iudices
1313 518 1393 584 obti-

241 645 315 691 nere
336 630 531 709 potuerunt?
555 630 610 692 aut
634 626 661 690 si
686 645 815 692 causam
839 628 954 691 bonam
978 627 1136 692 trabebant
1154 633 1187 692 et
1206 645 1275 691 earn
1294 628 1394 720 naus-

242 734 371 799 marinis
408 734 554 799 ecclesiis
591 734 723 816 probare
756 752 820 797 -non
858 737 1040 815 potnerunt,
1079 724 1154 815 quid
1189 731 1275 797 illos·
1299 730 1394 796 laesit

243 839 329 906 orbis
364 844 529 917 terrarum,
567 840 621 905 ubi
659 839 800 923 episcopi
839 838 980 924 collegas
1013 858 1100 919 suos,
1134 839 1190 921 qui
1222 837 1307 923 apud
1339 855 1393 902 eos

209 944 376 1014 sobiectis
409 946 596 1012 criminibus
629 946 768 1011 ‹ronuicti
796 964 858 1010 non
887 949 986 1023 erant,
1014 949 1132 1010 temere
1161 944 1308 1014 damnare
1331 961 1393 1008 non

186 1086 190 1092 ·
244 1056 394 1137 possent?
422 1053 531 1137 itaque
558 1054 741 1119 innocentes
765 1052 1003 1135 rebaptizantur
1027 1056 1059 1118 et
1082 1052 1230 1118 Christus
1252 1051 1284 1115 in
1307 1051 1395 1116 inno-

244 1159 389 1225 centibus
413 1160 608 1226 exsufflator.
632 1160 662 1226 si
684 1163 792 1225 autem
815 1159 900 1241 idem
925 1159 1112 1225 Donatistae
1131 1158 1281 1224 Afrorum
1300 1157 1395 1223 colle·
1458 1204 1462 1212 .

243 1283 355 1348 garum
384 1284 516 1332 suorum
543 1285 619 1332 nere
646 1266 777 1332 crimina
804 1270 967 1332 nouerant·
987 1269 1021 1331 et
1046 1263 1254 1351 neglexerunt
1284 1263 1393 1330 eadem

243 1376 419 1442 monstrare
443 1376 477 1436 et
498 1371 630 1454 probare
653 1371 874 1446 transmarinis
900 1353 1055 1446 ecclesiis,
1079 1372 1141 1455 ipsi
1161 1390 1196 1435 se
1215 1371 1254 1436 ab
1273 1369 1394 1435 unitate

195 1505 224 1548 ιο
245 1474 366 1543 Christi
402 1477 650 1543 sceleratissimo
688 1477 861 1543 schismata
897 1478 1129 1561 praeciderunt,
1164 1497 1226 1543 non
1268 1475 1395 1552 habeut,

244 1583 330 1665 quod
357 1588 519 1662 excusent,
549 1563 583 1649 et'
608 1603 667 1649 uos
694 1584 809 1662 nostis,
832 1584 969 1651 maxime
992 1584 1153 1669 quietam
1179 1582 1274 1649 multi
1297 1583 1394 1648 seele-

242 1690 304 1756 rati
333 1691 416 1773 apud
445 1709 499 1756 eos
524 1694 720 1757 emerserunt
743 1694 776 1756 et
797 1691 1018 1766 tolerauerunt
1038 1691 1112 1757 illos
1134 1710 1192 1774 per·
1214 1694 1264 1757 tot
1286 1708 1395 1771 annos,

244 1815 283 1861 ne
315 1802 436 1879 partem
470 1798 588 1863 Donati
621 1796 873 1876 conscinderent,
907 1802 940 1865 et
976 1816 1037 1864 nou
1076 1796 1304 1863 dubitauerunt
1338 1795 1394 1861 illo

244 1910 386 1988 tempore
423 1906 521 1970 falsas
559 1887 759 1994 suspiciones
797 1923 873 1970 suae
911 1904 1085 1971 obicientes
1126 1923 1235 1989 pacem
1279 1902 1396 1969 Christi

199 2013 463 2095 serenitatemque
487 2011 684 2096 disrumpere
708 2016 741 2078 et
763 2032 822 2078 uos
845 2011 975 2078 uidetis.

172 2118 196 2180 4
290 2117 354 2185 Sed
379 2118 487 2185 nescio
515 2138 596 2202 quae
625 2118 759 2186 carnalis
787 2118 997 2196 consuetudo,
1028 2118 1126 2184 irater
1158 2116 1318 2193 Seuerine,
1350 2115 1396 2181 ibi

243 2235 305 2291 uos
340 2228 441 2300 tenet3
480 2227 513 2289 et
545 2225 622 2290 olim
656 2223 759 2302 doleo,
793 2224 871 2289 olim
905 2242 997 2309 gemo
1029 2224 1164 2289 maxime
1196 2222 1396 2306 prudentiam

242 2334 333 2397 tuam
357 2319 500 2416 cogitans
525 2334 558 2396 et
581 2330 656 2396 olim
677 2333 713 2395 te
736 2329 847 2396 uidere
871 2330 1028 2411 desidero,
1047 2333 1085 2396 ut
1103 2331 1142 2397 de
1160 2330 1221 2396 bac
1239 2348 1272 2402 ra
1290 2331 1400 2399 tecam

244 2438 398 2521 loquerer.
418 2436 495 2520 quid
515 2438 598 2501 enim
616 2436 746 2521 prodest
769 2437 821 2501 uel
845 2438 933 2507 salus
957 2437 1019 2510 uel<
1033 2435 1295 2522 consanguinitas
1318 2438 1398 2502 tem·

196 2567 227 2608 ro
244 2542 373 2629 penalis,
404 2543 433 2609 si
465 2546 623 2608 aeternam
659 2542 777 2608 Christi
814 2543 1024 2610 hereditatem
1056 2543 1258 2626 salutemque
1289 2559 1396 2626 perpe·

245 2653 333 2714 tuam
365 2650 397 2716 in
428 2654 538 2716 nostra
570 2649 748 2734 cognitione
782 2650 1040 2717 contemnimus?
1073 2649 1151 2716 hacc
1184 2668 1236 2715 me
1271 2647 1411 2714 interimv

245 2755 413 2839 scripsisse
441 2756 612 2834 sraffecerit
636 2775 717 2840 quae
740 2744 828 2821 duris
852 2756 1002 2824 cordibus
1025 2756 1119 2822 ualde
1142 2774 1246 2841 pauca
1268 2758 1344 2821 sunt
1365 2760 1399 2846 et

121 2945 125 2948 ,
244 2880 343 2949 prope
370 2850 480 2939 nulla,¹
497 2862 600 2929 animo
625 2865 733 2928 autem
756 2865 823 2941 tuo,
848 2882 943 2945 quem
966 2864 1046 2930 bens
1069 2862 1155 2939 uoui,
1179 2861 1274 2929 ualde
1295 2862 1399 2950 multa

245 2973 324 3036 sunt
353 2972 386 3036 et
415 2970 510 3037 ualde
542 2989 668 3055 magna.
700 2989 761 3037 uon
794 2969 878 3035 enim
910 2989 983 3037 mea
1009 2972 1092 3053 sunt,
1121 2968 1178 3053 qui
1206 2968 1285 3034 nihil
1312 2986 1396 3060 sum,

195 3097 225 3138 as
245 3075 308 3143 nisi
338 3076 424 3160 quod
456 3080 586 3160 expecto
620 3075 871 3142 misericordiam
902 3074 964 3155 dei,
997 3075 1054 3143 sed
1084 3075 1191 3162 ipsius
1220 3074 1271 3141 dci
1296 3074 1397 3140 omni·

245 3182 397 3267 muntia,
422 3201 518 3265 quem
540 3181 686 3265 quisquis
710 3182 741 3261 in
766 3183 827 3248 hoc
851 3182 980 3249 saeculo
1004 3181 1244 3265 comtempserit
1264 3183 1396 3264 patrem,

245 3288 389 3354 inueniet
410 3287 441 3353 iu
465 3287 574 3354 futuro
597 3287 747 3355 iudicem.

285 3514 297 3568 l
317 3513 437 3570 medicos
455 3521 481 3581 (c
500 3531 560 3584 arcp.
578 3531 613 3571 m.
623 3519 649 3580 1>
664 3514 701 3575 Μ
735 3515 752 3569 2
771 3515 976 3570 transmarinas.
996 3529 1063 3570 corr.
1082 3519 1143 3569 Μ
1161 3514 1400 3569 uansmariuisdl

246 3604 264 3659 5
283 3603 403 3658 obiectos
421 3602 459 3658 Μ
546 3603 683 3657 conuincti
701 3603 733 3658 F
816 3604 921 3666 timere,
940 3615 1011 3658 corr.
1030 3611 1065 3656 ta.
1082 3608 1114 3657 ut
1131 3601 1192 3657 aid.
1213 3606 1232 3657 3
1250 3606 1351 3657 temere
1369 3601 1401 3656 F

284 3690 403 3748 iudicare
421 3691 450 3748 a
539 3692 604 3747 din
621 3692 654 3745 s'as
667 3691 728 3760 fine
745 3708 812 3762 pap.
832 3708 885 3748 om.
904 3691 932 3745 P
1020 3689 1142 3746 itidem
1166 3690 1227 3745 cdd.
1246 3696 1360 3760 practer
1379 3707 1397 3743 o

246 3779 317 3836 flea
334 3780 519 3836 demonstrare
537 3780 566 3834 Β
582 3780 643 3835 edd.
712 3780 745 3836 10
764 3779 962 3851 praecederent
978 3780 1016 3835 Μ
1084 3796 1148 3844 non,
1167 3782 1235 3833 aa
1252 3783 1281 3832 et
1298 3794 1353 3833 non
1372 3778 1400 3831 P

248 3871 281 3923 ll
302 3868 395 3924 multis
406 3872 410 3924 Ι
423 3869 536 3925 sclerati
552 3869 591 3923 Μ
662 3869 695 3925 13
714 3867 929 3924 conscenderent
946 3867 1064 3923 arm
1078 3868 1158 3939 (corr.
1175 3852 1396 3942 ‘conscinderent't

249 3959 284 4014 14
302 3957 465 4021 falsane}
483 3958 566 4013 falsas
584 3957 613 4011 P
708 3957 741 4011 id
761 3959 806 4027 qui
826 3956 862 4011 Μ
880 3959 958 4016 (Μ
975 3958 1038 4027 que)
1055 3957 1087 4012 F
1102 3957 1175 4027 (corr
1202 3973 1237 4012 ar.
1255 3959 1288 4009 ut
1305 3953 1362 4008 aid.
1383 3959 1398 4007 1

247 4052 330 4116 quae)
349 4062 411 4115 que,
429 4050 497 4101 aad
514 4063 583 4117 quae
601 4043 629 4100 P
716 4046 751 4100 20
771 4050 890 4112 aeterna,
909 4049 976 4100 aa
993 4051 1103 4101 aeterna
1120 4044 1148 4100 R
1252 4046 1345 4114 ptnsm
1363 4043 1401 4098 Μ

248 4138 456 4206 ροῒυω,ὀοπ.
475 4139 537 4190 m.1
554 4140 683 4206 ppetuam
702 4133 733 4188 F
782 4135 814 4189 21
836 4134 998 4203 cognatione
1017 4133 1077 4191 edd.
1091 4140 1206 4203 practer
1225 4147 1243 4184 a
1297 4131 1332 4186 22
1351 4147 1397 4187 su·

248 4222 337 4277 decrit
355 4222 387 4276 M
405 4224 538 4278 sufficerit
555 4223 587 4277 F
602 4222 739 4277 sufficeret
757 4219 785 4276 R
