3309 4867
633 369 902 450 epistuiarum
931 374 1026 429 XLIV.
1348 380 1408 444 121

256 565 498 645 Caelicolerum,
522 586 617 650 quem
640 566 847 633 audieramus
869 569 945 635 noui
969 569 1054 652 apud
1077 587 1132 636 eos
1151 569 1309 656 baptismi
1322 570 1412 636 insti-

256 677 395 739 tutorem
419 673 578 739 institisse
602 676 635 739 et
656 673 779 740 multos
803 675 860 740 illo
885 675 1054 760 sacniegio
1079 675 1254 757 seduxisse,
1278 680 1316 742 ut
1338 696 1411 743 cum

256 780 323 864 iilo,
347 784 501 863 quantum
526 780 629 863 ipsius
661 780 816 864 temporis
848 781 1052 865 patiebantur
1083 783 1260 867 angustiae,
1288 783 1413 867 aliquid

257 883 469 968 loqueremur.
502 906 598 972 quern
635 892 844 971 posteaquem
885 892 1057 955 uenturum
1094 890 1260 973 comperit,
1296 890 1410 956 uidens

226 1012 314 1059 snos
345 991 433 1059 uiuo
468 992 650 1076 suscepisse
682 992 859 1078 negotium,
892 1012 967 1060 cum
1004 998 1037 1059 et
1074 994 1183 1078 ipsum
1210 993 1316 1062 nescio
1349 1013 1412 1079 qus

258 1100 432 1165 necessitas
454 1098 664 1181 profectionis
692 1106 860 1184 urgueret,
888 1100 1025 1185 benigne
1055 1121 1075 1167 s
1103 1101 1196 1167 nobis
1224 1101 1411 1185 placideque

257 1204 416 1271 discessit

165 1298 210 1360 14
302 1312 439 1377 Videtur
458 1316 574 1378 'autern
601 1313 691 1390 mihi,
720 1316 759 1378 ut
786 1312 988 1379 turbulentas
1016 1314 1127 1379 turbas
1151 1319 1184 1378 et
1206 1312 1411 1396 impedimen-

257 1430 327 1484 tum
358 1418 467 1502 potius
495 1437 592 1503 qnam
619 1418 840 1485 adiumentum
868 1419 1047 1485 adserentes
1074 1419 1202 1485 omnino
1229 1415 1410 1484 deuitemirs

213 1543 240 1585 re
258 1528 292 1590 et
324 1543 401 1592 uere
438 1543 475 1589 er
511 1524 616 1591 animo
654 1525 757 1591 emico
795 1530 891 1609 atque
922 1525 1094 1609 tranquillo
1127 1527 1313 1609 susceptum
1343 1527 1411 1616 tem

257 1649 408 1716 mngnurn
434 1631 600 1716 negotium
624 1631 753 1698 domino
783 1632 961 1715 opitulante
984 1650 1184 1716 peragamus,
1208 1631 1248 1694 ed
1270 1630 1411 1714 aliquem

256 1737 368 1803 uillam
395 1756 453 1802 nos
482 1739 652 1804 conuenire
679 1738 800 1804 debere>
828 1759 889 1804 non
923 1757 1081 1824 magnam,
1114 1738 1170 1806 ubi
1201 1737 1323 1803 nullius
1356 1756 1411 1803 no·
1444 1727 1447 1732 ’

257 1847 359 1908 strum
388 1847 475 1908 esset
503 1842 649 1923 ecclesio,
678 1864 773 1927 quam
800 1848 908 1910 temen
935 1846 1049 1910 uillam
1074 1842 1286 1909 communiter
1306 1843 1411 1926 possi·

258 1949 335 2016 dent
365 1949 510 2016 homines
543 1952 576 2015 et
606 1954 735 2017 nocuae
768 1949 1003 2017 communionis
1032 1956 1066 2016 et
1091 1949 1205 2035 ipsius,
1235 1950 1332 2016 sicuti
1359 1952 1411 2016 est

211 2073 239 2112 ιε
257 2055 337 2121 uilla
366 2050 502 2121 Titiana.
535 2058 605 2125 siue
637 2076 713 2141 ergo
745 2058 777 2123 in
806 2057 1034 2124 Tubursiccnsi
1062 2058 1132 2123 siue
1159 2053 1192 2121 in
1220 2054 1410 2141 Tagastensi

256 2161 331 2228 telis
362 2162 454 2229 iocus
487 2163 540 2227 uei
572 2162 638 2242 iile,
671 2182 767 2247 quern
801 2162 1060 2240 commemoraui,
1091 2162 1146 2227 uel
1178 2161 1294 2245 aliquis
1326 2159 1409 2226 elius

255 2268 408 2335 inuentus
434 2268 546 2346 fuerit
570 2270 725 2337 iaciamus
754 2269 880 2336 codices
910 2270 1079 2335 canonicos
1107 2271 1233 2353 praesto
1265 2272 1336 2334 esse
1367 2270 1409 2343 et,

257 2374 287 2439 si
317 2395 380 2460 qus
411 2375 543 2459 proferri
574 2376 747 2459 potuerint,
780 2395 816 2440 er
849 2381 985 2461 utreque
1016 2379 1107 2459 parte
1140 2374 1339 2450 documento,
1372 2375 1411 2437 ut

257 2481 446 2566 postpositis
480 2482 595 2547 ceteris
628 2482 728 2558 nulls,
761 2483 790 2547 si
823 2482 962 2568 domino'
983 2481 1150 2564 placuerit.
1189 2479 1409 2564 interpellente

208 2603 238 2645 zo
255 2586 415 2664 molestie,
450 2592 608 2671 quotquot
640 2588 753 2654 diebus
773 2590 998 2670 potuerimus,
1031 2589 1071 2653 ad
1101 2588 1163 2653 hoc
1194 2593 1345 2672 necantes
1377 2586 1411 2649 et

255 2693 478 2776 unusquisque
509 2697 655 2764 nostrum
687 2694 772 2775 apud
800 2714 897 2760 suum
924 2694 1084 2778 hospitem
1114 2693 1277 2758 dominum
1301 2691 1409 2774 depre-

256 2803 365 2866 cantes
388 2799 560 2865 adiuuante
583 2801 665 2885 ipso,
690 2801 743 2865 cui
766 2819 825 2883 pur
850 2790 1237 2885 chosrianegratissima
1259 2802 1319 2875 est,
1342 2816 1410 2864 rem

256 2909 377 2970 tantam
411 2913 444 2970 et
476 2908 558 2971 bono
591 2906 696 2972 animo
729 2910 876 2989 coeptam
909 2907 949 2972 od
986 2905 1203 2991 inquisitionis
1238 2904 1409 2970 torminum

256 3011 479 3093 perducamus.
498 3013 663 3078 rescribite
687 3031 773 3090 sane,
794 3013 871 3097 quid
895 3014 934 3079 de
957 3014 1016 3078 bac
1039 3032 1073 3078 re
1096 3012 1150 3078 uel
1175 3011 1267 3076 uobis
1289 3011 1410 3076 uel‘illi

208 3131 238 3174 2⁵
256 3117 415 3183 uideatur.

293 3310 311 3362 2
341 3308 494 3363 instituisse
522 3326 537 3364 c
539 3310 563 3378 s
570 3310 581 3364 1
588 3326 605 3362 r
636 3309 773 3364 exstitisse
801 3327 828 3363 ro
919 3309 983 3364 illos
1010 3308 1100 3364 MFA
1182 3310 1198 3363 4
1230 3307 1347 3378 comperi
1375 3306 1413 3360 Μ

256 3399 346 3465 rique
366 3395 391 3448 P
408 3412 478 3466 quoe
505 3399 533 3452 R
557 3398 618 3453 edri.
730 3400 746 3453 6
772 3397 936 3468 profectioni
961 3399 1087 3466 surgeret
1111 3412 1180 3451 corr.
1207 3398 1271 3452 os.2
1295 3394 1323 3449 P
1345 3410 1408 3465 pro·

256 3484 384 3540 iectionis
403 3490 530 3556 surgeret
546 3484 577 3538 F
655 3485 889 3540 beditsmentum
905 3485 945 3540 M
1025 3484 1117 3555 lbet]
1137 3483 1214 3539 utu
1299 3483 1333 3536 12
1351 3499 1409 3536 me·

256 3589 341 3643 wrm
358 3575 386 3628 A
458 3575 591 3643 nostrum]
610 3580 655 3628 rm
674 3574 702 3627 A
771 3576 804 3627 14
824 3575 895 3629 sicut
913 3576 939 3628 A
1011 3575 1043 3628 15
1062 3574 1165 3628 ticiano
1183 3573 1244 3626 MA
1264 3572 1366 3627 citiane
1383 3571 1411 3624 P

259 3660 292 3715 18
310 3661 430 3732 proferre
449 3659 476 3713 P
531 3663 565 3720 19
584 3661 628 3727 db,
647 3678 717 3717 corr.
736 3668 798 3717 m.1
816 3662 867 3717 dito
887 3663 914 3716 P
976 3663 1012 3718 20
1030 3661 1177 3733 quodquod
1196 3660 1233 3716 Μ
1303 3659 1362 3714 dies
1382 3665 1409 3714 A

293 3749 328 3802 sd
350 3749 412 3820 hoc]
436 3748 525 3804 adhuc
544 3749 598 3805 FA
657 3751 690 3804 21
712 3767 825 3820 unusq3,
850 3766 920 3805 corr.
943 3755 1005 3804 md
1028 3750 1192 3820 unnsquisq;
1210 3749 1247 3803 Μ
1304 3767 1364 3803 nrm
1382 3750 1409 3802 A

256 3842 411 3894 nostrorum
429 3837 573 3894 MFPRc
662 3840 697 3894 23
717 3837 752 3892 ed
771 3838 928 3910 quisitionis
947 3838 978 3892 F
1069 3839 1105 3893 24
1123 3838 1272 3893 rescribitis
1291 3855 1356 3892 sene
1375 3833 1412 3890 M

256 3926 381 3996 rescripti
398 3942 464 3979 sens
481 3926 513 3981 F
527 3927 675 3982 rescribitis
695 3927 787 3996 enine
806 3928 833 3981 A
906 3943 946 3992 ac,
966 3942 1034 3982 corr.
1054 3931 1115 3983 οι]
1133 3926 1184 3980 hac
1203 3925 1233 3980 P
