3309 4867
677 396 705 451 S.
733 395 871 450 Aureli
899 395 1136 466 Augustini.

828 590 941 656 XCVI.

308 729 457 786 DOMINO
481 729 739 787 nlnncusslnso
762 730 810 786 ΕΤ
833 730 873 786 IN
898 730 1045 787 CHRISTI
1065 730 1232 787 MEMBRIS
1257 730 1468 787 Bonosum-

406 820 514 875 alnes
531 819 804 876 AMPLECTENDO
822 819 923 876 mro
943 819 1107 876 onmlo
1127 820 1370 877 anousnlnus

267 947 284 1006 1
357 944 516 1031 Quicquid
544 945 589 1010 sis
623 946 799 1013 secundum
828 947 957 1021 saeculi,
977 928 1075 1012 buius
1104 965 1244 1027 cursum,
1271 965 1331 1012 nos
1357 950 1466 1012 tumen

311 1054 476 1119 carissimo
500 1056 534 1117 et
556 1050 770 1119 sincerissimo
795 1058 949 1119 coinseruo
980 1057 1088 1119 nostro
1113 1051 1260 1137 Olympio
1285 1050 1466 1119 Christiano
1497 1076 1510 1115 s

264 1222 270 1231 ,
311 1160 465 1225 fidissime
498 1157 680 1225 scribimus.
713 1160 774 1226 hoc
802 1160 888 1225 euim
914 1160 974 1226 tibi
1002 1169 1072 1226 esse
1104 1161 1225 1226 scimus
1253 1161 1468 1245 omnigloria

311 1266 484 1350 gloriosius
508 1269 541 1331 et
564 1267 649 1332 omni
673 1266 872 1333 sublimitate
896 1266 1079 1333 sublimius.
1102 1265 1187 1345 fama
1205 1266 1322 1351 quippe
1344 1267 1384 1331 ad
1407 1285 1467 1331 noa

310 1371 445 1456 pertulit
466 1372 618 1439 bononem
641 1377 674 1439 te
694 1374 845 1458 adeptum
864 1376 936 1439 esse
952 1373 1132 1452 celsiorem,
1157 1392 1238 1461 quae
1260 1377 1368 1438 unum
1390 1391 1468 1437 uera

312 1482 408 1558 esset,
450 1478 591 1546 nondum
633 1481 718 1563 spud
759 1500 817 1547 nos
858 1480 963 1547 fueret
998 1478 1230 1557 confirmatum,
1273 1498 1346 1545 curn
1387 1479 1466 1544 haec

312 1585 471 1656 scribendi
494 1586 642 1670 prouenit
665 1587 800 1653 occasio.
825 1586 1048 1671 sedquoniam
1073 1587 1222 1652 nouimus
1245 1592 1279 1652 te
1302 1585 1466 1651 adomino
1485 1610 1512 1649 m

312 1692 464 1759 didicisse
493 1711 553 1758 non
583 1693 650 1759 alta
675 1712 787 1779 sapere
815 1693 873 1760 sed
900 1693 1076 1759 homilibus
1105 1693 1292 1771 consentire,
1323 1691 1469 1775 quolibet

312 1798 451 1864 culmine
489 1803 663 1882 prouectus
700 1819 799 1879 esses,
836 1819 898 1865 non
936 1799 1036 1879 aliter,
1074 1818 1170 1883 quarn
1206 1799 1302 1876 soles,
1341 1799 1468 1867 litturae

313 1909 437 1971 nostras
461 1910 492 1971 te
516 1910 720 1989 accepturum
745 1927 816 1972 esse
840 1907 1086 1990 praesumimus,
1110 1905 1236 1970 domiue
1251 1905 1469 1971 dilectissime

313 2016 346 2076 ct
368 2012 540 2079 inclusisti
562 2013 714 2077 membris
737 1994 965 2078 honorabiliter
982 2011 1199 2095 amplectende
1222 2010 1279 2078 fili.
1301 2010 1470 2095 temporali

313 2139 388 2186 nero
415 2119 569 2184 felicitate
593 2119 633 2184 ed
656 2123 783 2185 aeterna
809 2120 954 2185 lucrato
981 2119 1153 2202 prudenter
1173 2131 1310 2184 usurum
1336 2116 1515 2181 minimam

314 2227 510 2303 dubitamus,
539 2228 586 2305 ut,
615 2230 734 2309 quanto
762 2227 837 2310 plus
864 2230 957 2310 potes
981 2225 1013 2291 in
1040 2224 1101 2290 hac
1121 2228 1248 2290 terrena
1268 2242 1303 2289 re
1329 2221 1470 2308 pubbaa

312 2336 402 2397 tanto
430 2332 504 2415 plus
532 2331 686 2415 inpendas
711 2331 841 2397 caelesti
866 2332 928 2411 illi,
957 2346 1038 2414 qnae
1064 2334 1097 2396 te
1124 2331 1157 2395 in
1180 2329 1308 2397 Obri'sto
1333 2328 1471 2413 peperit

314 2438 451 2516 ciuitati,
484 2439 569 2522 qood
602 2439 662 2504 tibi
690 2438 820 2504 uberius
852 2438 1042 2523 rependatur
1067 2438 1100 2503 in
1122 2426 1261 2525 'regions
1289 2435 1472 2502 uiuentium

314 2550 351 2644 ‘i
368 2546 399 2610 in
423 2564 501 2611 uera
522 2564 600 2628 pace
624 2564 810 2611 securorum
834 2563 871 2611 sc
895 2544 962 2610 sine
985 2544 1048 2610 fine
1070 2543 1271 2630 gaudiorum.

266 2652 289 2714 2
359 2651 466 2718 Sancti
499 2650 607 2716 fratris
635 2656 668 2717 et
694 2650 878 2737 coepiscopi
904 2650 968 2716 mei
993 2650 1148 2716 Bonifatii
1179 2649 1367 2734 petitionem
1392 2651 1474 2714 tuse
1491 2676 1521 2717 so

313 2779 424 2825 rursus
454 2759 579 2824 caritati
607 2759 804 2838 commendo,
838 2778 876 2824 ne
908 2759 991 2824 forte
1018 2777 1101 2843 nunc
1119 2756 1202 2847 beni
1234 2755 1349 2841 possit,
1382 2754 1474 2840 quod

406 2987 437 3039 11
451 2983 535 3038 sam.
557 2985 600 3051 ra,
621 2985 653 3038 ro

421 3108 450 3162 P
475 3133 508 3154 =
528 3108 588 3163 sod.
608 3108 761 3162 Parisinus
777 3124 844 3163 noas.
864 3123 922 3177 cop.
943 3110 1022 3162 uss
1038 3123 1061 3162 s.
1080 3106 1202 3161 IX-X.

421 3198 459 3251 M
476 3221 509 3244 =
530 3198 589 3251 cod.
607 3197 789 3251 Monacensis
808 3199 890 3251 6266
907 3212 928 3251 e.
948 3198 986 3251 X.
1111 3188 1115 3195 ⁴

421 3284 453 3340 F
476 3310 510 3331 =
530 3284 588 3339 coci.
608 3284 831 3356 Sulisbscryensis
848 3286 881 3339 X
897 3287 937 3339 29
954 3301 976 3340 s.
996 3284 1118 3341 Χ-ΧῙ.

409 3376 449 3435 ,Α
474 3399 509 3422 =
528 3366 587 3429 coci.
606 3373 917 3442 Audonoropolitonus
938 3376 984 3438 76,
1005 3375 1031 3435 8,
1054 3375 1111 3427 9s.
1131 3371 1255 3427 Χ-ΧΙ,
1277 3410 1282 3416 -

425 3464 450 3519 Ο
476 3487 509 3510 =
529 3463 588 3518 cod.
610 3463 771 3518 Catinensis
787 3461 849 3517 16¹⁹
865 3479 887 3518 s.
910 3463 965 3519 XI.

422 3553 459 3607 P¹
477 3577 511 3598 =
531 3552 591 3609 cod.
611 3551 760 3606 Parisinus
776 3568 844 3606 noes.
864 3567 924 3620 usp⁴
943 3554 1023 3606 1664
1039 3567 1062 3606 s.
1080 3550 1136 3605 XI.

423 3640 451 3695 R
477 3665 511 3687 =
530 3639 589 3695 cod.
608 3640 686 3695 Mus.
704 3640 779 3695 Brit.
797 3640 864 3712 Bep.
886 3639 952 3695 519
974 3640 1021 3696 VI
1034 3657 1056 3697 s.
1075 3639 1234 3697 Xl-XH.

351 3763 441 3828 eali,
463 3779 532 3819 corn.
555 3769 621 3818 nal
644 3762 700 3817 filio
723 3762 753 3818 F
837 3763 861 3817 4·
879 3762 916 3816 eit
938 3761 976 3816 Ρι
1064 3760 1263 3818 bildelissinns
1281 3759 1382 3816 w
1405 3759 1471 3815 esici.

311 3846 425 3923 procia
442 3853 489 3908 len
578 3852 734 3923 scripsimus
752 3852 781 3906 P
869 3867 929 3906 esse
947 3850 1000 3905 tibi
1018 3850 1075 3904 1³1.
1145 3849 1269 3905 ‘lomnis
1286 3848 1315 3903 P
1402 3848 1470 3903 snb-

315 3942 420 3997 tilitsts
437 3941 465 3995 A
537 3939 691 4011 iisdcptu·
707 3947 731 4009 (s
750 3941 834 4009 crus.)
851 3941 891 3996 Μ
960 3934 1133 4010 celsioremq;
1153 3950 1223 4011 quse
1240 3936 1269 3992 P
1339 3937 1372 3992 12
1391 3953 1421 3991 cs
1439 3937 1472 3994 R

319 4032 352 4087 13
370 4046 444 4087 esses
462 4030 491 4086 A
543 4029 814 4102 pnssumpsimusP
855 4031 888 4086 15
907 4032 1048 4085 setemsm
1067 4034 1106 4094 (m
1123 4032 1195 4098 esp.)
1210 4022 1240 4082 F
1275 4027 1309 4081 le
1326 4030 1471 4082 secuturo·

316 4118 419 4175 rumC
479 4114 586 4174 usas
647 4121 705 4173 sinc
725 4118 789 4190 bns]
809 4118 869 4174 sine
887 4118 940 4173 bne
959 4117 1127 4173 manentium
1144 4114 1210 4172 Rus
1239 4112 1414 4173 'illistron
1433 4113 1474 4168 Μ

317 4215 397 4275 (corr.
416 4213 478 4262 nal
496 4208 600 4275 nstris)
618 4207 655 4262 P¹
728 4208 868 4279 petionem
886 4208 914 4262 P
997 4208 1031 4261 21
1051 4209 1146 4278 posset
1164 4208 1190 4258 A
1264 4202 1472 4275 quod-posset

315 4314 377 4359 om„
395 4296 428 4350 in
445 4313 531 4367 marg.
544 4301 612 4352 nni
630 4296 696 4350 cdd.
717 4297 779 4363 (scd
796 4297 885 4367 possit
897 4312 952 4365 pro
963 4299 1074 4367 posset)
1094 4295 1122 4349 P
