3309 4867
253 398 341 459 414·
609 395 635 449 S.
660 392 801 452 btureli
828 392 1047 463 Augustini

254 588 408 655 multatus
442 591 501 654 est
534 607 570 654 ex
585 586 731 660 consilio
760 588 867 652 summ
899 585 1000 651 nostri
1033 587 1175 670 episcopi
1206 589 1329 697 legatos
1360 589 1402 651 ad

249 694 440 795 comitatum
463 694 630 773 miserunt,
654 694 709 778 qni
732 694 948 775 impetrarent,
972 697 1010 758 ut
1031 712 1093 759 non
1121 713 1230 760 ornnes
1258 694 1401 778 episcopi

242 802 286 866 ''et
308 800 415 868 clen'ci
437 801 539 886 partis
560 805 687 867 uesmne
715 800 753 864 ad
782 800 916 865 eundern
941 798 1233 866 condemnationem
1255 801 1285 864 X
1306 800 1401 866 libra·

252 926 323 976 rum
347 908 426 987 auii,
450 926 530 990 quse
552 907 584 972 in
608 925 718 973 ornnes
741 906 916 972 haereticos
941 905 1115 971 constituta
1137 911 1196 981 est,
1219 910 1402 979 tenerentur

250 1013 326 1111 sed!
346 1011 380 1079 bi
416 1013 488 1089 soli,
526 1013 559 1076 in
591 1030 725 1094 qnorum
758 1010 837 1075 loeis
869 1011 993 1093 aliquas
1025 1030 1044 1075 a
1075 1012 1193 1077 nestris
1229 1012 1399 1078 uiolentiae
1435 1036 1449 1075 s

255 1118 390 1186 eeclesia
412 1118 570 1187 catholica
591 1119 762 1200 pateretur.
787 1117 845 1183 sed
867 1118 915 1182 sic
938 1135 1011 1183 cum
1033 1117 1131 1202 legati
1152 1117 1284 1184 conen
1306 1138 1401 1185 nene-

255 1225 423 1303 mutiam
448 1218 612 1292 cicatrices
636 1224 776 1308 episcopi
800 1224 949 1288 catholici
973 1223 1141 1309 Bagaitnni
1155 1225 1334 1295 lrorrendee
1363 1245 1401 1290 ec

255 1331 492 1397 recentissimae
513 1332 736 1415 imperatorem
759 1332 1009 1405 commonerent,-
1026 1334 1063 1393 ut
1085 1330 1173 1413 leges
1196 1331 1277 1396 tales
1296 1332 1401 1395 mitte-

256 1440 372 1515 rentur,
395 1438 506 1521 quales
529 1442 562 1503 et
584 1437 701 1501 missae
725 1437 810 1501 sunt.
834 1436 951 1517 quibus
978 1433 1010 1500 in
1034 1437 1172 1501 Africam
1200 1438 1401 1502 uenientibus

257 1562 329 1607 cnm
352 1545 464 1627 ntique
487 1563 548 1610 non
571 1543 612 1607 ad
635 1541 755 1607 malum
779 1542 836 1607 sed
859 1542 898 1606 ad
922 1542 1039 1608 bonnm
1059 1545 1246 1627 coepissetis
1263 1538 1402 1639 urgueri,
1422 1568 1449 1605 ιο

257 1649 333 1731 quid
356 1650 459 1732 lacere
483 1650 646 1716 debebatis
669 1649 732 1714 nisi
749 1652 782 1713 et
800 1666 859 1714 uos
879 1639 1005 1714 mittere
1024 1649 1063 1714 ad
1081 1652 1248 1734 episcopos
1266 1654 1402 1728 nostros,

258 1760 303 1833 nt,
328 1774 391 1838 quo
413 1756 508 1822 rncdo
527 1775 590 1821 nos
612 1754 675 1838 ipsi
698 1758 918 1833 conuenerant,
943 1755 990 1821 sic
1013 1755 1256 1821 consopirentur
1273 1775 1292 1820 a
1309 1756 1402 1821 nobis

258 1865 291 1926 et
312 1863 420 1945 potin-s
445 1863 623 1928 conlatione
645 1862 765 1927 ueritas
788 1865 976 1946 appareret?
1023 1863 1025 1866 ⁴

214 1976 235 2038 8
301 1967 372 2032 Non
409 1969 512 2035 solum
550 1972 657 2034 autem
693 1987 754 2034 non
790 1966 926 2045 lecistis,
964 1968 1020 2033 sed
1054 1969 1163 2053 peiora
1198 1968 1283 2034 rnsla
1312 1968 1405 2034 nobis

259 2074 358 2139 nestri
379 2094 462 2139 nnnc
486 2074 615 2142 lacinnt.
647 2094 708 2141 non
736 2077 864 2140 tantum
891 2094 949 2140 nos
972 2073 1111 2140 fustibus
1135 2077 1288 2158 quassant
1308 2076 1452 2167 ferro-sm

259 2199 321 2262 que
353 2181 534 2261 concidunt,
566 2201 678 2245 nerum
710 2181 807 2245 etiam
837 2181 868 2245 in
896 2181 1007 2246 oculos
1034 2181 1263 2265 extinguendos
1285 2183 1403 2247 calcem

261 2286 357 2351 mixto
382 2289 471 2353 aceto
494 2287 670 2359 incredibili
699 2288 930 2372 excogitatione
958 2286 1087 2353 sceleris
1115 2289 1258 2354 mittunt.
1290 2288 1404 2354 domne

261 2396 384 2458 nostram
415 2392 546 2478 insuper
577 2393 784 2477 compilantes
817 2391 904 2459 arms
935 2394 997 2466 sibi
1028 2394 1167 2479 ingentia
1194 2398 1227 2459 ct
1252 2395 1404 2459 terribilia

261 2498 462 2579 labricemnt,
499 2501 613 2584 quibus
650 2500 761 2564 armati
800 2519 857 2582 per
893 2501 1020 2566 diuersa
1055 2498 1236 2565 discurrunt
1275 2501 1405 2565 commi-

262 2609 372 2670 nantes
399 2610 495 2689 atque
523 2608 707 2672 anhelantes
733 2606 859 2679 caedes,
887 2607 1022 2689 rapinas,
1049 2607 1203 2681 incendia,
1227 2606 1407 2672 caecitates.
1424 2625 1455 2664 eo

262 2712 377 2793 quibus
416 2714 511 2777 rebus
547 2713 705 2795 compulsi
742 2732 854 2778 sumus
891 2712 951 2777 tibi
986 2713 1136 2795 primitus
1174 2715 1332 2796 conqueri,
1357 2717 1408 2782 ‚nt

264 2819 443 2884 consideret
465 2819 607 2903 grauitas
629 2826 696 2897 tue,
720 2839 815 2902 qnam
839 2820 934 2895 multi
957 2824 1110 2897 uestrum,
1133 2822 1231 2885 imnro
1254 2838 1313 2884 noe
1341 2838 1406 2883 orn·

263 2946 347 3013 nes,⁸
366 2928 421 3009 qni
457 2948 516 2991 uos
553 2927 620 3010 pati
656 2926 763 2991 dicitis
800 2926 1064 3007 persecutionem,
1092 2926 1162 3001 ‚sub
1199 2926 1285 3008 ipsis·
1311 2926 1407 3008 quasi

262 3031 456 3111 terribilibus
488 3033 712 3116 imperatorum
745 3030 976 3097 catholicorum
1007 3031 1134 3115 legibus
1166 3031 1198 3096 in
1230 3031 1408 3115 possessio-

265 3137 357 3203 nibus
387 3139 506 3210 uestris
539 3144 572 3204 ct
598 3138 709 3203 alienis
739 3138 842 3202 securi
866 3137 1003 3202 sedeatis
1027 3140 1060 3202 et
1081 3158 1139 3204 nos
1162 3158 1181 3202 a
1204 3138 1319 3202 nestris
1342 3142 1406 3203 tarn
1427 3158 1456 3203 ss

263 3244 406 3308 inaudita
429 3246 513 3309 mala
535 3246 703 3328 patiamur.
728 3263 787 3309 uos
812 3243 918 3309 dicitis
942 3245 1008 3326 pati
1031 3245 1280 3327 persecutionem
1301 3248 1332 3311 et
1350 3264 1408 3309 nos

265 3351 303 3414 nb
332 3352 461 3415 armatis
490 3352 605 3417 nestris
633 3351 775 3419 fustibus
804 3355 836 3416 ct
863 3351 944 3416 lerro
973 3351 1182 3417 concidimur:
1216 3370 1274 3415 uos
1302 3351 1409 3415 dicitis

303 3579 367 3630 lox
385 3578 500 3631 concilio
519 3577 579 3633 edd.
651 3578 760 3647 legatus
778 3577 832 3632 FA
902 3576 1031 3631 3dccern
1050 3578 1076 3630 A
1095 3577 1155 3631 cdd.
1225 3578 1366 3646 seliquas
1386 3584 1411 3646 (s

266 3670 347 3730 eron)
366 3665 396 3720 F
466 3666 604 3721 niolcntiis
622 3665 654 3721 F
705 3667 779 3720 dsic
798 3682 851 3720 orn.
868 3666 929 3720 cdd.
1003 3682 1063 3720 cnrn
1081 3682 1132 3720 om.
1152 3666 1231 3720 codd,
1286 3666 1411 3721 lbacni-

266 3754 323 3807 toni
336 3753 374 3806 Μ
374 3755 426 3808 FA
436 3771 456 3808 o
469 3733 599 3825 tingitani
617 3761 676 3809 cett.
692 3754 752 3808 edd.
768 3760 916 3823 pinoteren
971 3744 1104 3808 bo'rrenda
1123 3770 1156 3808 ca
1173 3755 1370 3809 cretentissime
1384 3755 1410 3806 A

266 3844 329 3895 oet
346 3842 457 3914 missae]
482 3846 579 3899 emisse
596 3844 634 3899 M
724 3842 998 3912 mergonem
1089 3845 1122 3897 12
1146 3846 1360 3898 consererentur
1376 3842 1411 3895 Μ

302 3930 413 3985 anobis
432 3932 459 3984 A
523 3934 555 3986 17
575 3932 790 4002 excogitationes
809 3935 833 3996 (s
852 3938 934 3995 eras.)
953 3931 985 3985 F
1045 3932 1079 3986 18
1097 3934 1208 4001 insuper
1226 3937 1332 3984 nostras
1351 3929 1412 3983 cdd.

187 4062 190 4073 .
268 4022 300 4079 19
320 4021 548 4075 communicantes
562 4023 590 4075 A
639 4022 671 4074 21
694 4020 817 4090 conquiri
835 4021 862 4074 A
913 4025 944 4074 ut
961 4036 1013 4076 om.
1032 4020 1091 4073 edd.
1108 4027 1255 4088 praeterret
1304 4020 1411 4086 litua!

266 4114 392 4164 nestram
447 4112 498 4175 ,23
518 4111 564 4179 qni
581 4127 639 4173 nos,
659 4126 728 4173 corr.
747 4114 807 4166 nel
826 4112 871 4179 qni
891 4100 940 4163 nos
960 4110 987 4163 A
1010 4180 1013 4187 ,
1059 4111 1093 4164 25
1111 4114 1204 4163 temen
1223 4107 1324 4171 andita,
1343 4124 1412 4162 corr.

268 4197 398 4265 (nam)
422 4203 479 4253 tarn
502 4198 627 4253 inaudita
649 4199 680 4253 F
767 4200 800 4253 ‘lt
825 4200 915 4253 dicitis
934 4224 949 4249 ι
966 4198 1035 4269 (fait
1058 4202 1098 4268 q2l
1119 4198 1145 4252 A
1235 4194 1293 4267 peti
1315 4203 1366 4250 oin.
1386 4194 1417 4249 F

267 4287 301 4339 27
320 4275 385 4345 niis.
404 4303 472 4342 corr.
493 4294 552 4342 m.1
569 4289 624 4341 nris
642 4286 680 4340 M
749 4287 883 4341 fructibus
901 4287 929 4340 A
