3309 4867
280 313 345 373 364
631 304 657 359 S.
687 307 821 361 Aureli
851 305 1067 375 Augustini

278 502 390 583 nisque
422 501 637 585 congruentia,
670 519 742 565 oum
776 519 827 564 me
859 500 992 564 adiuuet
1018 499 1113 564 etiam
1142 500 1337 582 prophetice
1353 520 1423 566 sen·

278 608 388 684 tentia,
422 626 484 690 qua
516 606 594 671 dicit
625 606 704 672 deus
737 626 772 671 se
799 607 847 671 illi
874 605 992 690 populo
1020 606 1147 671 dedisse
1173 613 1339 691 praecepta
1361 627 1423 673 aron

280 715 381 778 hom?
414 713 493 777 forte
525 713 607 777 enim
636 717 803 797 propterea
831 732 891 778 non
920 712 999 779 dixit
1024 715 1109 779 mala
1136 715 1192 780 sed
1214 718 1339 781 tentum
1362 734 1423 781 nou

279 820 370 884 hona.
403 818 435 882 id
469 823 518 882 est
551 839 611 884 uon
639 821 725 898 talia,
754 824 792 884 ut
817 820 883 885 illis
911 820 1055 885 homiues
1081 821 1155 886 honi
1178 821 1256 886 liant
1278 824 1335 886 unt
1356 821 1425 888 sirie

279 926 345 992 illis
380 924 454 989 honi
492 944 552 989 aon
584 927 671 992 fiant.
709 928 826 992 uellem
859 946 910 992 me
943 927 1070 992 doceret
1096 927 1233 1012 benigna
1260 927 1425 994 sinceritas
1453 948 1468 986 ³

279 1037 345 1111 tua,
360 1036 477 1108 ,utrum
499 1032 648 1097 simulate
671 1032 840 1115 quisquam
859 1038 989 1097 sanctus
1009 1033 1181 1110 orientalis,
1199 1053 1271 1098 cum
1290 1035 1426 1100 Romam

279 1139 411 1212 uenerit,
443 1138 566 1204 ieiunet
595 1138 727 1204 sabbato
760 1142 889 1220 excepto
921 1138 976 1203 illo
1011 1138 1061 1203 die
1094 1139 1252 1221 paschalia
1284 1139 1425 1225 uigiliae.

280 1245 365 1328 quod
396 1244 425 1310 si
456 1246 576 1310 malum
604 1264 675 1310 esse
703 1244 884 1322 dixerimus,
912 1264 972 1310 non
1002 1246 1107 1311 solum
1129 1246 1303 1310 Romanam
1326 1248 1426 1312 eccle

281 1352 361 1417 siam
385 1351 561 1416 sedetiam
584 1353 686 1417 multa
709 1352 739 1415 ei
763 1352 869 1416 uicina
895 1357 928 1415 et
955 1351 1117 1434 aliquanto
1144 1353 1314 1418 remotiora
1340 1353 1427 1418 dam·

279 1457 435 1535 dabimus,
473 1458 529 1522 ubi
565 1473 648 1524 mos·
672 1458 757 1522 idem
790 1461 917 1522 tenetur
948 1463 980 1522 et
1012 1461 1128 1524 manet.
1165 1458 1192 1521 si
1224 1461 1330 1523 autem
1363 1478 1425 1522 non
1447 1480 1473 1516 ιο

279 1565 420 1629 ieiunare
443 1565 574 1629 sabbato
598 1565 717 1629 malum
741 1564 972 1649 putauerimus,
996 1567 1045 1629 tot
1068 1565 1218 1629 ecclesias
1241 1564 1371 1630 orientis
1395 1570 1429 1630 et

280 1672 383 1736 multo
406 1671 557 1736 maiorem
583 1671 667 1737 orbis
691 1671 862 1736 Christiani
885 1675 1008 1752 partem
1032 1690 1095 1754 qaia
1115 1672 1294 1736 temeritate
1323 1672 1427 1736 crimi-

281 1776 438 1842 nabimur!
471 1779 615 1861 placetne
647 1778 717 1856 tibi,
752 1783 788 1842 ut
820 1778 960 1844 medium
992 1777 1141 1860 quiddam
1158 1778 1427 1852 essedonas,

282 1875 365 1966 quod
401 1888 506 1948 tamen
540 1885 736 1967 acceptabile
768 1885 812 1948 sit
843 1885 883 1962 ei,
916 1886 971 1967 qiai
1004 1885 1155 1963 hocnon
1189 1884 1338 1950 simulate
1370 1884 1428 1948 sed

281 1992 466 2074 congruenti
489 1990 641 2055 societate
664 1991 989 2074 atquephsemantia
1010 1991 1142 2056 feccrit?
1165 1993 1326 2055 ettamen
1348 1989 1429 2054 nihil
1447 2009 1476 2049 re

281 2097 352 2161 inde
375 2096 514 2181 legimus
537 2097 569 2160 in
599 2097 757 2162 canonicis
784 2096 875 2162 libris
902 2100 1105 2180 pracceptum
1133 2116 1204 2162 esse
1228 2081 1427 2163 Christianis.

282 2208 399 2286 duranto
435 2205 538 2288 magis
575 2204 656 2269 illud
686 2204 806 2269 malum
842 2203 946 2269 dicere
978 2223 1040 2270 non
1072 2204 1183 2274 audeo.
1215 2202 1300 2285 quod
1332 2202 1428 2268 deum

282 2311 480 2393 praecepisse
507 2311 578 2393 ipsa
604 2309 784 2376 Christiana
807 2310 871 2394 fide
897 2329 1013 2395 negare
1040 2329 1101 2375 non
1128 2328 1272 2393 possum,
1296 2329 1358 2392 qua
1380 2308 1427 2373 di-

283 2417 345 2481 dici
368 2437 428 2481 non
452 2437 488 2481 eo
513 2437 564 2481 me
587 2417 751 2482 iustificari
778 2417 835 2482 scd
857 2417 959 2501 gratia
982 2416 1032 2481 dei
1055 2435 1111 2499 per
1133 2416 1239 2481 Iesum
1264 2415 1426 2482 Christum

283 2523 445 2588 dominum
468 2527 626 2589 nostrum!
1309 2567 1313 2573 =
1443 2542 1472 2580 ²⁰

232 2631 271 2691 15
326 2628 403 2693 Dico
437 2648 511 2713 ergo
544 2630 816 2696 circumcisionem
847 2631 1005 2714 praeputii
1033 2633 1066 2696 ct
1093 2634 1197 2695 cetera
1219 2628 1316 2694 huius
1338 2629 1426 2694 modi

281 2736 376 2818 priori
399 2735 517 2818 populo
540 2756 596 2817 per
618 2740 857 2813 testamentum,
881 2736 965 2819 quod
994 2740 1088 2801 uetus
1116 2736 1241 2812 dicitur,
1271 2735 1426 2802 diuinitus

282 2843 356 2906 data
386 2842 425 2905 ad
453 2843 719 2925 significationem
746 2843 937 2917 futurorum,
966 2861 1046 2924 quae
1072 2862 1129 2925 per
1151 2841 1313 2907 Christum
1337 2861 1426 2925 opor·

280 2950 368 3015 tehat
390 2949 525 3034 impleri.
549 2950 665 3033 quibus
688 2950 932 3016 aduenientibus
955 2949 1145 3015 remansisse
1164 2949 1219 3014 illa
1238 2949 1427 3016 Christianis

280 3055 413 3140 legenda
437 3061 563 3146 tantum
585 3056 624 3122 ad
647 3057 898 3141 intellegentiam
925 3057 1118 3137 praemissae
1144 3057 1337 3140 prophetiae,
1364 3073 1425 3118 uon
1445 3074 1474 3113 es

370 3283 386 3334 ‘2
406 3282 502 3336 Erech.
522 3282 565 3343 90,
584 3283 619 3335 25
674 3283 708 3335 19
727 3281 848 3345 Rorm3.
868 3281 903 3332 24

319 3404 465 3459 lediubet
483 3405 534 3457 HI
551 3405 684 3458 adiuuent
706 3409 737 3470 (n
760 3407 832 3472 exp.)
851 3404 888 3458 Μ
994 3405 1076 3458 etiem
1094 3421 1145 3461 ons.
1166 3404 1200 3458 Μ
1289 3405 1428 3475 aquis!

281 3495 467 3549 daut-fiant
485 3510 536 3547 om.
556 3495 582 3545 A
635 3492 780 3552 tuellel
833 3490 927 3546 docere
948 3492 979 3546 Η
1032 3494 1156 3546 eumin
1176 3493 1312 3561 sirnuletel
1332 3510 1425 3548 deman

282 3583 430 3637 ainralatl
480 3583 619 3636 8mulum
637 3583 665 3635 Ρ
734 3599 795 3635 essa
813 3598 864 3636 cm.
884 3581 925 3636 H·
970 3582 1302 3652 9uicinalprouincis1
1373 3583 1424 3636 ali·

282 3671 390 3741 qnando
409 3671 429 3723 I
475 3677 541 3740 pest
559 3671 705 3723 remotiora
723 3674 786 3724 m.2
804 3687 824 3724 a.
844 3686 871 3724 u.
890 3669 952 3723 loce
971 3669 1005 3721 P*
1024 3671 1167 3723 remotiore
1186 3669 1214 3723 P
1259 3672 1290 3725 ll
1310 3670 1424 3740 putabe-

281 3762 364 3814 rimus
383 3759 434 3813 HI
487 3761 520 3812 13
539 3763 571 3812 ot
588 3759 682 3813 om.R
732 3761 766 3812 14
784 3759 909 3826 quilque
928 3757 956 3810 P
1008 3757 1060 3811 hoc
1078 3773 1130 3814 om.
1148 3757 1199 3812 111
1251 3759 1377 3812 sinrulntc
1397 3762 1424 3813 le

281 3865 399 3903 ecam.
412 3848 478 3915 1)Α
536 3850 567 3903 15
586 3847 793 3917 congruentis]
864 3845 1000 3915 adqueH
1054 3846 1086 3900 16
1105 3845 1213 3915 legiH
1267 3848 1299 3901 17
1318 3847 1424 3901 audebo

280 3937 332 3991 m
375 3936 407 3990 18
427 3937 485 4005 ipse
503 3935 531 3989 A
590 3952 731 4005 possumne
750 3935 782 3988 H
841 3935 904 4004 quia
922 3937 949 3988 A
1009 3934 1103 4003 didici]
1123 3934 1224 3988 dicitur
1241 3935 1293 3987 1³¹*
1325 3937 1359 3988 19
1378 3938 1423 4003 eol

281 4042 331 4094 ego
350 4025 370 4077 Ι
433 4026 489 4092 mol
509 4041 569 4077 meo
587 4025 624 4077 M
693 4024 738 4078 dei
756 4024 844 4077 con]
911 4023 1040 4076 christum
1060 4039 1111 4077 om.
1130 4023 1219 4076 PMA
1291 4024 1323 4076 21
1345 4026 1423 4094 crgo}

280 4114 351 4166 cuim
369 4112 422 4166 H!
505 4111 741 4166 circumcisionel
830 4111 865 4165 23
884 4111 978 4165 datam
997 4109 1046 4165 HI
1134 4113 1169 4167 25
1188 4112 1368 4181 promiseramus
1388 4113 1425 4176 (is

280 4200 386 4264 eraa.?p
408 4204 433 4254 A
