3309 4867
338 361 402 425 708
710 358 736 413 S.
764 357 903 413 Aureli
929 357 1146 429 Augustini

336 551 466 634 quidam
494 553 590 624 etiam
617 552 785 617 urinimnm
809 555 971 618 ettamen
1000 553 1031 618 in
1060 553 1114 617 uia
1140 553 1213 618 lidei
1239 555 1486 636 perseuerantia·

336 658 416 723 aime
448 659 628 743 gradientes
656 658 708 730 ad,
727 659 816 725 illam
844 658 1062 725 beatissimam
1091 658 1388 744 contemplationem
1415 678 1486 743 per·
1611 693 1614 708 ·

334 766 478 842 ueniunt,
507 764 637 848 quidam
664 784 751 841 uero,
780 765 858 848 quid
885 765 930 831 sit
956 770 1069 832 nemra
1094 764 1277 841 inuisibilis,
1309 766 1487 831 incommu-

334 871 455 946 tabilis,
490 872 686 955 incorporea,
721 876 898 955 utcumque
934 869 997 937 iam
1034 861 1173 938 scientes
1205 874 1237 937 et
1272 873 1371 947 uiam,
1402 891 1485 954 quae

335 977 425 1042 ducit
447 976 486 1043 ad
509 982 631 1044 tanturn
654 977 863 1044 beatitudiuis
887 979 1095 1054 mansionem,
1118 979 1267 1061 quoniam
1290 979 1391 1044 stulta
1416 977 1485 1043 illis
1512 1000 1527 1039 a

333 1083 472 1162 uidetur,
504 1083 590 1168 qnod
618 1088 669 1149 est
696 1083 845 1150 Christus
878 1082 1057 1160 cmciflxua,
1089 1088 1196 1150 tenere
1227 1087 1411 1150 recusantes
1443 1082 1484 1147 ad

333 1191 452 1273 quietis
483 1192 585 1275 ipsine
618 1191 792 1276 penetrale,
815 1190 914 1256 cuins
942 1189 1005 1254 iam
1033 1190 1106 1255 luce
1133 1208 1223 1255 mens
1251 1209 1361 1256 eorum
1393 1189 1484 1255 uelut

333 1296 364 1360 in
388 1296 562 1381 longinqua
582 1296 726 1362 radiante
748 1296 985 1380 perstringitur,
1009 1296 1173 1379 peruenire
1195 1314 1257 1361 non
1279 1299 1424 1380 possunt
1466 1300 1469 1303 ’
1555 1380 1564 1394 .

289 1400 309 1461 5
379 1401 463 1469 Sunt
480 1406 586 1469 antem
606 1403 771 1487 quasdam,
791 1421 965 1486 quaecum
985 1402 1192 1480 audierimus,
1215 1421 1276 1468 non
1296 1404 1343 1467 sis
1361 1421 1483 1469 accom-

333 1509 500 1575 modamus
518 1508 615 1574 fidem
631 1513 664 1574 et
680 1509 801 1574 ratione
820 1508 915 1574 nobis
931 1508 1056 1574 reddita
1072 1528 1150 1575 uera
1163 1528 1233 1575 esse
1251 1508 1483 1594 cognoscimus,
1501 1531 1533 1569 ιο·

333 1633 414 1697 qnae
437 1615 562 1680 credere
585 1635 648 1682 nen
674 1615 832 1680 ualemus.
861 1609 894 1680 et
916 1617 1068 1680 uniuersa
1091 1615 1142 1681 dei
1168 1614 1322 1681 muacula
1348 1615 1419 1680 ideo
1441 1615 1481 1680 ab

332 1720 515 1786 infidelibus
533 1732 599 1785 'non
619 1720 800 1798 creduntur,
819 1721 898 1804 quia
915 1740 1025 1788 eorum
1043 1722 1125 1787 ratio
1149 1741 1210 1788 non
1232 1721 1371 1791 uidetur.
1395 1725 1428 1787 et
1448 1740 1482 1785 re

332 1847 410 1894 uera
436 1832 521 1905 sunt,
545 1827 725 1912 dequibus
753 1826 834 1892 ratio
851 1827 952 1892 'reddi
975 1847 1036 1893 non
1059 1830 1177 1910 potest,
1206 1845 1265 1893 non
1289 1831 1481 1893 tamennon

332 1937 395 2001 est:
433 1932 510 2017 quid
541 1933 626 1999 euim
658 1937 716 2000 cst
738 1934 770 1997 in
803 1951 909 1998 rernm
944 1936 1066 2008 netrrra,
1099 1933 1182 2015 quod
1220 1933 1482 1999 inrationabiliter

331 2040 443 2106 lecerit
470 2040 570 2106 deus?
597 2039 655 2104 sed
683 2037 880 2123 quorundam
910 2038 1104 2104 mirabilium
1133 2055 1263 2121 operum
1290 2040 1361 2104 eius
1385 2038 1480 2104 etiam
1499 2060 1526 2099 rs

331 2146 457 2229 expedit
486 2145 642 2229 tantisper
674 2145 832 2210 occultem
866 2162 938 2209 esee
969 2144 1134 2220 rationem,
1171 2164 1211 2210 ne
1242 2144 1327 2229 apud
1359 2145 1479 2211 animos

330 2252 460 2317 fastidio
487 2250 655 2335 languidos
679 2251 823 2315 eusdem
852 2250 985 2315 rationis
1008 2250 1189 2334 cognitione
1212 2250 1378 2316 silescant
1406 2253 1480 2315 sunt

330 2359 470 2430 enimet
496 2356 531 2421 iri
554 2356 650 2421 multi
677 2360 762 2430 sunt,
787 2357 840 2439 qni
869 2356 944 2439 plus
973 2360 1122 2422 tenentur
1147 2356 1354 2424 admiratione
1375 2375 1477 2421 rerum

329 2483 424 2547 quam
448 2463 627 2549 cognitione
651 2481 828 2540 causarum,
857 2462 913 2526 ubi
936 2463 1090 2527 miracula
1112 2463 1194 2528 mira
1214 2481 1286 2529 esee
1309 2462 1479 2537 desistunt,

330 2574 362 2636 et
385 2588 465 2654 opus
488 2573 539 2635 est
560 2589 616 2635 cos
638 2569 679 2634 ad
706 2568 919 2634 inuisibilium
948 2568 1043 2635 fidem
1071 2569 1253 2636 nisibilibus
1278 2569 1479 2637 mirabilibus
1496 2579 1547 2658 ω’,

329 2677 469 2752 excitari,
498 2682 538 2742 ut
563 2676 703 2760 puritate
730 2676 857 2760 purgati
886 2694 925 2740 eo
951 2676 1148 2760 perueniant,
1181 2675 1238 2752 rubi
1264 2675 1479 2741 familiaritate

328 2782 604 2848 conuncupari
628 2781 784 2847 desinant
812 2785 885 2846 nom
910 2784 996 2847 etin
1020 2782 1155 2847 theatris
1178 2782 1324 2848 homiues
1345 2782 1479 2850 funiam-

328 2888 440 2953 bulum
456 2888 620 2965 mirantur,
635 2887 769 2953 musicis
784 2887 999 2962 delectarrtur3
1017 2888 1049 2954 in
1064 2887 1121 2955 illo
1136 2891 1283 2972 stupetur
1296 2887 1482 2964 difficultas,-

328 2994 359 3060 in
384 2994 435 3058 iris
459 2995 575 3059 retinet
596 2995 762 3077 pascitque
784 2993 981 3072 iucunditas.

284 3110 304 3171 6
371 3101 460 3165 Haec
492 3100 633 3176 dixerim,
671 3103 709 3164 ut
743 3098 841 3164 iidem
873 3112 962 3163 tuam
995 3098 1035 3164 ad
1066 3117 1215 3173 amorem,
1241 3098 1479 3186 intellegentiae
1494 3122 1524 3164 aa

210 3261 218 3272 .
328 3208 518 3285 cohortarer,
545 3206 704 3290 adquam
728 3205 808 3270 ratio
832 3224 911 3271 uera
937 3205 1083 3288 perducit
1106 3209 1139 3271 et
1161 3205 1213 3271 eui
1236 3203 1314 3271 lides
1337 3206 1478 3270 animum
1624 3199 1625 3202 ’

326 3317 501 3397 praeparat
530 3331 603 3378 nam
631 3312 698 3388 illa,
728 3330 808 3394 quas
835 3311 997 3395 persuasit
1022 3312 1054 3377 in
1083 3330 1121 3377 ea
1146 3311 1298 3389 trinitate,
1325 3314 1480 3394 quaeest

328 3418 417 3494 deus,
442 3418 543 3484 lilium
565 3417 647 3501 patri
670 3436 731 3486 nou
756 3435 827 3483 essa
852 3420 1055 3483 coaeteruum
1077 3417 1134 3489 nel
1155 3417 1287 3483 alterius
1309 3435 1381 3483 esse
1404 3416 1477 3482 sue

1624 3211 1625 3258 l

365 3715 501 3768 lminimi
520 3714 581 3770 edd.
648 3717 778 3770 ttsntae
795 3714 857 3768 edd.
917 3716 1055 3770 dteurere
1077 3714 1114 3768 Τι
1170 3712 1339 3778 'ilucemB
1396 3714 1477 3768 eae·

326 3799 527 3855 commodamus
546 3803 584 3855 eis
603 3801 632 3855 P
685 3802 715 3856 ll
737 3800 1277 3872 leusmus,ss.2aspranoiebamus13
1330 3803 1365 3858 l'i
1384 3802 1479 3872 cugni-
1624 3775 1625 3870 i

326 3888 629 3956 tione-(serus.?)1'
700 3890 816 3947 nilescat
838 3890 874 3946 Τι
924 3893 959 3946 18
976 3891 1006 3946 lii
1024 3907 1077 3948 oss.
1091 3889 1208 3947 om
1226 3891 1288 3945 cdd.
1342 3890 1479 3946 munira·

325 3977 438 4046 bilibus]
452 3978 590 4032 miraculis
605 3977 665 4030 edd.
721 3980 753 4032 21
769 3979 903 4049 puritate]
920 3981 1070 4034 caritatem
1119 3979 1155 4034 22
1170 3977 1309 4035 desistant
1323 3976 1476 4037 epm

361 4064 546 4120 funambulum
571 4066 687 4120 ΟΡΤΤΙ
712 4070 794 4132 (con.
818 4072 884 4121 cul
906 4084 940 4124 a
963 4067 1162 4134 limambulum)
1187 4066 1263 4133 edric
1286 4068 1322 4134 es.
1348 4067 1420 4137 Assy.
1444 4067 1478 4119 ias

321 4154 425 4221 psalm.
444 4154 631 4218 xxxmo
719 4153 760 4209 23'
774 4160 869 4225 stupet
890 4156 1005 4211 ΟΡΤΤ1
1024 4155 1086 4211 edd.
1176 4156 1213 4211 24
1230 4156 1365 4210 retinetur
1385 4153 1476 4211 ΟΥ]ἰ

325 4242 360 4294 ’26
379 4241 503 4294 odhones
520 4242 580 4295 edd.
637 4242 671 4294 28
686 4243 854 4309 pontillum
874 4259 932 4298 rae.
954 4247 973 4297 6
991 4244 1008 4298 l.
1028 4242 1130 4311 (feisse
1146 4242 1206 4296 rud.
1224 4241 1369 4311 flh‘urnltB
