3309 4867
600 417 865 487 epistularum
894 415 991 472 cvm.
1302 422 1364 487 621
1435 419 1438 426 ’

219 614 304 697 quia,
335 613 364 678 si
392 612 463 696 quis
492 612 664 688 alterutris,
693 611 810 695 quibus
840 611 927 677 uliud
955 591 1092 692 uidetur,
1125 631 1221 696 quam
1249 611 1367 677 ueritas

217 719 325 796 babet
339 720 498 785 humanus
512 738 597 786 error
609 719 786 803 inrepserit,
800 718 939 784 fraterna
954 719 1121 786 concordia
1135 718 1296 788 custodita
1314 738 1367 785 ca·

218 826 313 892 ritas
332 825 504 909 cooperit
521 826 615 892 otiam
634 824 924 891 multitudinem
943 829 1201 911 peccatorum:
1217 826 1297 892 boue
1311 815 1366 890 iile

220 933 267 998 sie
285 933 398 1012 tenuit,
414 933 463 997 sic
475 932 605 1010 amauit,
619 935 667 1010 ut,
683 931 713 997 si
729 931 804 1017 quid
825 932 928 1009 aliter,
945 947 1039 1015 quom
1053 951 1104 998 res
1120 934 1178 1012 oet,
1195 932 1233 1000 de
1247 932 1368 1015 baptis-

187 1039 265 1105 emi
293 1041 489 1106 sacramento
518 1042 677 1121 sapuerat,
705 1037 736 1102 id
762 1056 888 1121 quoque
913 1037 991 1103 deus
1018 1035 1066 1103 illi
1089 1039 1255 1119 reuelarot
1283 1040 1368 1104 sieut

222 1144 386 1229 apostolus
408 1143 560 1211 iratribm
578 1145 611 1209 in
631 1143 763 1210 caritate
781 1144 1021 1210 ambulantibus
1040 1144 1131 1212 dicit:
1156 1144 1368 1229 Quotquot

222 1271 316 1337 ergo
355 1250 544 1334 perlecti,
584 1251 659 1316 hoc
696 1251 920 1334 sapiamus3
963 1254 1003 1316 et
1039 1251 1074 1319 si
1110 1251 1208 1336 quid
1244 1252 1368 1318 aliter

223 1355 385 1441 sapitis,
422 1356 462 1422 id
495 1375 654 1441 quoquo
689 1356 811 1423 uobis
845 1356 944 1423 deus
975 1358 1193 1425 redolebit
1233 1371 1368 1423 uerum

222 1468 353 1529 tamen
386 1463 423 1529 iu
451 1462 557 1548 quod
588 1462 863 1546 cremabimus,
897 1464 936 1529 in
965 1482 1008 1531 oo
1038 1467 1077 1530 et
1104 1461 1367 1530 ambulemus.

178 1593 204 1633 ro
224 1569 287 1634 buo
301 1568 435 1646 accedit
450 1570 599 1653 quoniam
614 1570 815 1635 fructuosum
832 1567 1037 1650 sarmentum,
1052 1571 1079 1636 si
1095 1570 1216 1655 aliquid
1233 1569 1369 1635 babebat

224 1675 328 1745 adbuc
350 1665 561 1761 purgandum,
580 1676 676 1742 etiam
701 1676 841 1761 gloriosa
858 1676 1002 1761 martyrii
1019 1676 1100 1743 falce
1119 1680 1288 1764 purgatum
1309 1682 1368 1751 ost,

224 1801 284 1848 non
319 1782 394 1865 quia
428 1800 485 1868 pro
523 1781 642 1849 Christi
683 1783 810 1849 nomine
848 1783 975 1849 occisus
1012 1789 1071 1863 est,
1108 1782 1165 1848 sed
1202 1782 1277 1866 quia
1313 1800 1367 1865 pro

225 1887 344 1954 Christi
365 1889 491 1954 nomine
513 1888 545 1952 in
569 1889 690 1973 gremio
712 1889 846 1954 unitatis
871 1890 995 1954 occisus
1014 1892 1074 1955 est.
1093 1908 1166 1955 nam
1184 1889 1254 1973 ipso
1272 1887 1368 1969 scrip-

225 1995 268 2060 sit
295 1998 329 2058 et
359 1994 568 2061 fidentissime
605 1994 724 2061 adserit
755 2014 820 2071 eos,
854 1995 908 2077 qui
941 1998 1025 2061 extra
1057 1995 1211 2061 unitatem
1243 1993 1369 2060 etiamsi

183 2124 209 2174 ,n
225 2120 282 2186 pro
310 2100 367 2166 illo
395 2101 521 2167 nomine
545 2101 729 2168 moriautur.
758 2089 863 2167 occidi
882 2119 990 2184 posse,
1017 2121 1077 2169 uon
1100 2120 1196 2186 posse
1218 2100 1368 2168 coronari.

225 2210 349 2272 tuntum
368 2206 456 2272 umet
478 2207 547 2273 siue
571 2207 610 2271 ad
630 2207 762 2273 delenda
785 2208 855 2273 siue
873 2206 914 2274 ad
932 2206 1142 2274 confirmanda
1162 2210 1296 2293 peccata
1315 2205 1368 2272 uel

225 2309 387 2379 custodita
409 2313 462 2378 uel
484 2313 606 2379 uiolata
629 2314 743 2379 caritas
768 2315 911 2380 unitatis.

136 2427 180 2490 10
269 2420 344 2503 Ipse
381 2437 466 2504 ergo·
489 2417 545 2484 illo
584 2419 760 2504 Cyprianus
797 2439 871 2484 oum
907 2439 964 2505 per
997 2420 1167 2505 impiorum
1203 2418 1370 2506 gentilium

225 2525 479 2609 persecutionem
501 2529 630 2591 uastata
655 2525 791 2591 ecclesia
812 2526 933 2592 multos
961 2526 1126 2612 plangeret
1146 2527 1256 2610 lapsus
1279 2524 1372 2590 mulie

180 2662 209 2702 uo
227 2632 287 2698 boc
314 2631 457 2697 moribus
485 2632 630 2697 tribuens
659 2650 779 2708 eorum,
809 2633 921 2713 quiin
950 2631 1022 2715 ipsa
1043 2633 1178 2699 ecelesia
1201 2631 1371 2703 damuubili

227 2738 467 2805 conuersatione
484 2738 652 2816 uiuebant
677 2738 715 2804 de
736 2737 931 2823 collegarum
954 2758 1084 2805 suorum
1107 2740 1251 2807 moribus
1275 2738 1374 2824 gemit

225 2862 285 2910 nec
317 2863 413 2909 suum
445 2846 602 2930 gemitum
635 2845 763 2911 silentio
791 2844 883 2930 tegit,
917 2845 974 2912 sed
1002 2845 1081 2912 dicit
1107 2865 1162 2922 eos
1194 2846 1226 2912 ln
1253 2847 1372 2912 taumm

226 2951 436 3034 cupiditatem
456 2951 559 3017 fuisse
581 2970 781 3037 progressos,
804 2955 842 3016 ut
860 2952 1085 3021 ‘esurientibus
1105 2953 1201 3019 otium
1224 2953 1255 3017 iu
1275 2950 1373 3016 eccle-

226 3058 276 3123 sia
305 3056 455 3122 iratribus
487 3057 603 3124 habero
635 3061 802 3142 argentum
835 3059 967 3143 largiter
993 3059 1124 3137 uellent,
1155 3058 1271 3125 fundos
1298 3058 1372 3122 iusi·

181 3189 209 3232 aa
227 3161 327 3229 dioeis
350 3161 515 3228 fraudibus
533 3169 689 3245 raperent,
714 3165 820 3230 usuris
840 3165 1127 3248 multiplicantibus
1150 3166 1261 3231 faenus
1280 3182 1373 3247 auge-

225 3273 315 3335 rent'.
334 3272 413 3353 puto
431 3269 565 3335 istomm
590 3270 734 3351 euentu,
754 3271 873 3355 rapinis
897 3274 930 3336 et
951 3270 1076 3336 foenore
1099 3270 1287 3356 Cypriauum
1313 3288 1372 3335 nou

315 3475 449 3531 aIPeu
475 3476 538 3540 4.ss
588 3475 695 3533 beil.
715 3476 740 3542 8,
761 3476 866 3534 15-1e
910 3478 943 3531 14
963 3473 1040 3548 cypr.
1060 3477 1213 3533 decathcl.
1232 3479 1372 3534 ecoluni-

226 3571 325 3621 tatec.
347 3565 502 3636 irpeas.
523 3564 740 3622 uccellano.
797 3565 831 3621 18
845 3564 879 3621 de
896 3564 982 3636 lapsis
1001 3582 1024 3620 o.
1042 3567 1113 3623 4-c
1181 3568 1217 3623 28
1235 3565 1269 3623 de
1289 3567 1372 3638 lapsis

227 3672 249 3711 c.
268 3656 285 3710 6
304 3670 330 3725 p.
350 3655 412 3721 241,
430 3656 503 3708 2-4
521 3652 562 3708 ed.
582 3653 686 3710 Hartsl.

263 3795 381 3864 tetiam
400 3795 522 3864 cooperit
543 3793 601 3851 VU
616 3794 684 3851 edri:
748 3794 911 3868 tquedqus
930 3796 959 3851 P
1028 3799 1177 3854 bosritste
1191 3797 1224 3854 P
1294 3805 1373 3868 quot-

227 3883 346 3955 quodP
363 3887 392 3937 et
410 3886 478 3952 quot
500 3882 596 3939 rure
645 3884 1047 3951 buobison.,m.1odd.P
1093 3887 1159 3943 tet
1176 3904 1227 3943 osu.
1247 3886 1371 3942 Vdecu.

228 3973 364 4028 lletism
382 3972 654 4029 css.metVUiar
717 3973 924 4044 ltnouluune
946 3973 1000 4030 VU
1062 3976 1095 4031 14
1113 3977 1257 4031 asseruits
1313 3977 1372 4029 uni-

225 4059 330 4116 tateP
421 4062 453 4116 19
472 4064 658 4131 perseeutione
676 4062 704 4117 P
796 4063 888 4133 lapsus
912 4063 939 4118 U
1025 4064 1060 4118 22
1078 4065 1206 4120 intanta
1224 4064 1374 4134 cupidltate

227 4148 306 4204 codd.
325 4150 384 4205 lar
453 4149 560 4206 24-25
579 4151 972 4223 uelle‚..rapere...ougcre
989 4151 1023 4219 Ρ,
1041 4153 1113 4208 meat
1131 4159 1170 4209 est
1186 4154 1219 4207 irs
1239 4151 1374 4224 Cypriam

227 4236 320 4293 libello
374 4237 410 4294 26
427 4237 518 4309 piguis
531 4239 559 4293 P
571 4238 662 4295 tundis
682 4239 736 4294 VU
753 4239 828 4306 edd.,·
847 4241 947 4310 smper·
961 4241 1062 4312 rapinis
1132 4239 1297 4313 Cypriauum
1311 4257 1371 4297 ome·

226 4327 259 4381 iss
276 4342 362 4398 werp.
382 4326 496 4383 addi)
