3309 4867
316 371 382 436 620
583 449 596 477 ⁴
676 368 704 423 8.
730 368 869 424 Aureli
896 367 1115 460 Augustini

317 562 464 630 dixerint!
498 581 556 628 nec
587 563 649 629 sibi
680 571 790 630 tamen·
820 565 957 631 altemm
988 565 1157 649 populum,
1187 563 1220 631 in
1249 584 1312 649 qno
1346 571 1468 638 essent,

317 668 513 766 dismasione
541 670 697 753 corporali
723 669 776 735 uel
806 671 1026 757 segregatione
1055 671 1269 754 quaesierunt.
1301 672 1367 756 ipsi
1393 690 1468 755 apo·

317 776 393 842 stoli
414 776 606 860 permirtum
629 776 692 842 eibi
710 776 873 844 diabolum
896 777 1008 844 Iudam
1032 795 1136 861 usqne
1159 779 1191 844 in
1214 777 1320 857 tineam
1345 796 1408 861 quc
1432 797 1469 842 se

316 884 385 969 ipae
421 883 519 947 etiam
554 881 669 966 laqueo
710 882 859 968 perdidit,
902 884 971 949 sine
1010 884 1079 949 nlla
1114 885 1165 950 sui
1202 884 1469 951 contaminatione

316 989 500 1066 tolerarunt,
528 987 576 1054 ita
597 992 635 1055 ut
658 988 777 1055 diceret
799 991 846 1055 eis
871 989 1020 1056 dominns
1042 994 1172 1073 propter
1193 990 1283 1056 illius
1305 989 1389 1055 inter
1411 1008 1469 1054 eos
1503 1013 1518 1051 s

316 1095 541 1180 praesentiam:
566 1095 615 1160 ut
640 1114 714 1161 uos
742 1095 879 1161 mnndi
903 1096 1006 1162 eatis
1035 1095 1105 1161 sed
1132 1115 1210 1164 non
1234 1115 1380 1162 omnes.
1410 1115 1469 1160 nee

318 1201 358 1268 ab
385 1200 473 1267 illins
500 1201 725 1268 inmunditiam
753 1206 918 1286 tamqnam
946 1203 1100 1269 termento
1127 1203 1159 1268 in
1187 1202 1235 1268 eia
1262 1201 1469 1268 dissimilium

318 1326 443 1373 mamm
470 1325 578 1373 massa
600 1312 750 1392 corrupta
772 1312 832 1374 est.
861 1327 919 1375 neo
940 1312 1028 1375 recto
1051 1307 1211 1376 adfirmari
1236 1313 1354 1393 potest,
1384 1307 1470 1391 quod

319 1432 373 1480 eos
392 1412 480 1482 illine
498 1412 620 1479 latebat
636 1407 791 1498 nequitia,
810 1415 872 1480 nisi
890 1415 972 1481 forte
991 1435 1054 1500 qua
1071 1415 1175 1480 iuerat
1193 1415 1291 1481 etiam
1304 1414 1469 1480 dominnm

317 1520 508 1597 traditnms3
541 1539 613 1586 nam
645 1520 708 1605 ipsi
741 1521 780 1587 de
813 1522 869 1587 illo
903 1523 1109 1606 scripserunt,
1142 1521 1227 1606 quod
1257 1522 1310 1587 tur
1341 1526 1410 1587 erat
1436 1526 1471 1586 et
1489 1545 1516 1581 ro

319 1626 435 1706 omnio,
463 1645 546 1710 qnae
568 1627 788 1702 mittebantur,
813 1628 852 1694 de
875 1627 1044 1694 dominicis
1066 1629 1183 1695 loculis
1207 1629 1379 1695 auferebat.
1408 1648 1469 1694 non

318 1734 366 1800 eia
407 1733 578 1818 quisquam
619 1734 873 1801 calumniabatur
912 1735 969 1801 illo
1010 1736 1211 1803 testimonia:
1250 1735 1469 1801 Videbatis

319 1840 447 1906 iurem
466 1845 507 1905 et
524 1841 842 1907 ooncurrebatis
862 1862 947 1908 cum
968 1861 1027 1919 θος
1051 1847 1084 1907 et
1103 1841 1294 1908 tacbsenim
1313 1841 1470 1906 malcrum

318 1964 381 2013 non
404 1950 673 2012 sacramentorum
692 1950 915 2014 communione
938 1949 996 2015 sed
1019 1948 1191 2014 eorundem
1213 1949 1370 2014 factorum
1395 1965 1471 2011 oon·

320 2051 465 2120 censione
480 2053 679 2120 concurritur
708 2055 874 2138 apostolos
887 2055 1010 2120 Paulus
1024 2059 1143 2138 quanta
1157 2054 1195 2120 de
1213 2055 1305 2121 falsis
1318 2053 1470 2120 fratribus
1492 2074 1518 2115 a

320 2159 537 2243 conqueritur!
566 2177 701 2243 quornm
729 2163 835 2226 tamm
859 2161 1015 2245 corporali
1041 2161 1248 2245 permixtione
1275 2181 1337 2228 non
1363 2178 1471 2225 maon·

319 2265 445 2332 labatur
472 2263 576 2331 cordis
604 2266 676 2350 puri
703 2266 890 2333 &comitate
918 2267 1094 2334 seiunctus.
1122 2287 1195 2333 nam
1222 2286 1241 2332 a
1268 2264 1471 2350 quibusdam.

321 2390 402 2457 quoa
436 2371 564 2438 inuidos
600 2378 741 2452 nouerat,
779 2374 900 2458 gaudet
932 2372 1096 2440 Christum
1132 2373 1250 2458 pariter
1280 2372 1469 2457 praedicari:

319 2479 431 2562 ntique
459 2478 581 2543 inuidia
603 2478 796 2545 diabolicum
820 2480 938 2546 uitium
960 2485 1019 2546 est
1197 2543 1202 2552 .

274 2590 294 2653 9
361 2584 922 2680 l²catremoepiacopnacyp1ianus
949 2587 1014 2652 iarn
1043 2587 1179 2656 ecclesia
1206 2587 1368 2672 copiosius
1391 2585 1471 2651 dila·
1489 2607 1518 2648 ao

317 2695 386 2758 tato
411 2690 548 2757 aioinior
573 2693 771 2776 temporibus
798 2693 928 2772 nostris,
957 2693 1051 2759 onina
1084 2694 1273 2760 anctoritate
1300 2692 1470 2776 aliquando

318 2795 540 2881 repetitionem
554 2797 706 2882 baptismi
721 2798 906 2865 confirmare
921 2799 1089 2879 conamini,
1108 2819 1182 2867 cum
1200 2800 1282 2865 illud
1297 2799 1471 2865 concilium

319 2904 373 2971 nel
389 2902 447 2970 illa
464 2905 594 2988 scripta,
617 2904 740 2971 unere
758 2906 862 2989 ipsius
881 2910 958 2972 sant
972 2910 1008 2972 et
1026 2924 1098 2986 non,
1123 2908 1210 2972 siout
1227 2899 1326 2990 aliqui
1345 2909 1470 2990 putant,

319 3011 380 3077 snb
408 3010 478 3076 eins
510 3011 637 3077 nomine
664 3012 845 3097 conscripta
877 3019 972 3097 atque
1001 3011 1145 3088 conficta,
1177 3013 1249 3096 ipsa
1276 3011 1471 3088 contineant,

320 3121 472 3202 quantum
491 3116 635 3184 dilexerit
652 3120 819 3200 unitatem,
843 3139 906 3205 qun
930 3119 1025 3186 modo
1048 3120 1080 3186 in
1100 3138 1138 3185 aa
1155 3118 1349 3196 tolerandos,
1372 3117 1469 3184 etiam
1491 3140 1519 3179 aa

320 3229 429 3292 centn
459 3242 539 3307 qnos
574 3226 741 3304 sentabat,
779 3227 982 3311 apertissima
1013 3226 1230 3292 exhortatione
1261 3225 1471 3294 consuluerit,

319 3349 358 3396 ne
393 3331 481 3413 pacis
517 3330 684 3397 uinculum
721 3338 934 3417 rumperetur,
970 3333 1003 3398 id
1039 3333 1246 3415 potissimum
1284 3329 1471 3404 adtendens,

331 3535 334 3538 ·
408 3520 502 3576 olon.
523 3520 565 3587 13,
584 3520 619 3577 10
682 3522 793 3577 101011.
814 3523 894 3582 luo
959 3507 1175 3584 121³a.49,'18
1244 3518 1405 3576 1511001.
1427 3522 1471 3582 ll,

320 3610 426 3666 23-27
481 3609 651 3674 lil’hill,
672 3610 778 3666 15-18

345 3717 370 3787 ¹l
391 3732 516 3787 dixerunt
533 3748 584 3787 raa
645 3734 878 3788 leontaminatio
898 3734 926 3787 P
987 3734 1177 3803 §praesentia
1195 3734 1223 3787 P
1283 3734 1353 3788 leb
1372 3749 1424 3788 aaa
1442 3731 1473 3786 P

356 3820 525 3880 inmnntiam.
544 3835 613 3875 corr.
634 3820 742 3889 (mli)
762 3822 953 3877 inmunditiam
971 3820 1000 3875 P
1061 3822 1178 3877 θεοῦ
1237 3822 1272 3877 10
1288 3821 1424 3876 traditura
1442 3817 1472 3875 P

355 3909 520 3980 scripseram
532 3909 651 3966 VUler
697 3913 729 3967 le
745 3917 774 3965 et
783 3910 877 3980 factis]
888 3909 922 3966 de
932 3910 1037 3965 facfisa
1091 3913 1162 3966 enirn
1172 3917 1303 3974 ommi
1313 3909 1473 3978 apocal>

322 4001 356 4054 15
374 3996 577 4069 conqueritnra
648 4003 779 4069 qnantum
804 3999 905 4055 Vedd.
963 4001 995 4054 17
1013 3999 1128 4069 pnraP
1199 3999 1260 4055 eP
1312 4001 1346 4053 19
1362 4000 1468 4070 ntique]

322 4086 462 4155 etnt'qne
484 4084 545 4141 Ura
606 4088 639 4141 21
660 4088 838 4143 aidaioreP
898 4089 1081 4159 tlipeaoua.
1105 4087 1161 4144 VU
1176 4088 1238 4144 edd.
1296 4084 1472 4158 ttqnch

322 4190 427 4245 qnoque
450 4169 506 4229 w
523 4173 580 4229 lar
598 4175 676 4240 (adei
695 4178 726 4230 ia
744 4194 832 4246 morp.
851 4179 1010 4233 mesra
1029 4182 1108 4247 qnos)
1127 4193 1195 4248 qnos
1214 4178 1272 4249 ipae
1290 4193 1318 4231 aa
1404 4193 1469 4230 cou-

321 4262 417 4317 eulerit
434 4260 462 4316 P
477 4261 614 4317 comnloit
637 4262 692 4317 VU
709 4264 766 4318 ier
