3309 4867
632 386 899 456 epistularum
927 386 982 440 LX.
1012 385 1079 440 LXI.
1353 345 1434 469 ,223

281 580 421 661 epistula
445 628 625 646 ........
640 580 642 585 ’
642 628 748 645 .....
774 580 870 658 etsi
893 580 965 662 quis
990 580 1110 646 dehac
1133 601 1167 647 re
1200 589 1231 647 te
1263 583 1433 671 interroga-

281 685 375 763 uerit,
407 686 504 751 etiam
536 705 630 751 manu
663 705 735 751 mea
766 686 900 769 prolata,
929 686 1013 770 quod
1043 685 1081 750 de
1109 686 1168 751 hac
1197 708 1229 752 re
1257 689 1432 756 sentiamus

281 793 333 856 uel
364 792 530 870 faciamus,
564 793 724 858 ostendas.
758 791 842 857 scias
870 812 945 877 ergo
974 811 1031 858 nos
1059 812 1120 858 non
1148 794 1179 858 in
1208 796 1253 859 cis
1282 794 1432 862 detestari

280 897 343 963 nisi
366 897 598 964 dissensionem
621 899 774 981 ipsorum,
798 917 855 981 per
878 918 973 982 quarn
993 898 1191 966 schismatici
1212 902 1263 966 uel
1282 902 1431 968 haeretici

249 1004 357 1070 adacti
388 1009 476 1084 sunt,
510 1005 585 1089 quia
616 1005 769 1071 eeclesiae
803 1006 978 1071 catholicae
1011 1006 1165 1070 unitatem
1199 1012 1232 1071 et
1263 1008 1431 1078 ueritatem

280 1129 340 1175 non
372 1113 483 1180 tenent
509 1111 541 1176 in
570 1130 627 1177 ee..
648 1111 732 1193 quod
760 1130 872 1195 pacem
901 1131 974 1176 oum
1002 1112 1119 1195 populo
1144 1112 1194 1177 dci
1218 1133 1279 1178 non
1302 1114 1429 1192 habent,

281 1218 334 1301 qui
359 1222 425 1283 toto
449 1220 605 1283 terrarum
629 1219 704 1284 orbe
728 1217 927 1294 diffunditur,
951 1222 984 1282 et
1006 1218 1038 1282 in
1062 1237 1109 1292 eo,
1134 1220 1272 1301 quodie
1296 1221 1430 1290 homini-

280 1325 339 1390 bus
380 1325 578 1408 baptismum
618 1322 738 1390 Christi
780 1344 841 1389 non
884 1327 1072 1407 agnoscunt.
1115 1325 1318 1409 inprobamus
1355 1346 1429 1412 ergo

279 1431 398 1497 malum
433 1449 581 1508 errorem,
613 1430 690 1513 quio
728 1450 823 1496 suum
856 1430 988 1507 habent;
1027 1432 1145 1496 bonum
1177 1436 1283 1498 autern
1315 1452 1428 1499 nemen

234 1561 261 1603 ro
279 1535 363 1621 quod
391 1536 442 1601 dei
470 1537 588 1603 habent
614 1541 647 1601 et
673 1542 908 1615 sacramentum
936 1539 1005 1603 eius
1033 1539 1237 1622 agnoscimus
1265 1540 1297 1606 in
1326 1541 1373 1605 eis
1396 1547 1430 1606 et

277 1662 465 1708 ueneremur
488 1649 521 1708 et
544 1643 775 1727 amplectimur.
800 1643 856 1708 sed
879 1650 1046 1726 propterea
1069 1643 1215 1710 dolemus
1239 1649 1376 1722 errantes
1396 1651 1429 1712 et

278 1768 332 1815 eos
363 1769 420 1834 per
453 1751 617 1816 caritatem
645 1749 766 1824 tllrn'sti
797 1750 913 1814 lucrari
946 1751 1004 1815 deo
1033 1751 1190 1835 cupimus,
1217 1761 1255 1815 ut
1282 1756 1427 1819 sanctum

276 1861 522 1935 sacramentum,
550 1856 635 1940 qnod
661 1857 740 1922 foris
768 1856 806 1921 ab
831 1856 966 1922 ecclesia
988 1856 1107 1921 habeut
1128 1856 1168 1921 ad
1190 1858 1371 1940 perniciem,
1394 1861 1425 1925 in

275 1982 354 2045 pace
378 1963 532 2028 ecelesiae
555 1961 693 2028 habeant
715 1962 754 2026 ad
779 1964 928 2029 salutem.
953 1962 981 2028 si
1001 1981 1074 2047 ergo
1093 1963 1248 2028 tollantur
1266 1963 1303 2028 de
1322 1965 1425 2030 medio

232 2095 258 2136 a
276 2070 359 2134 mala
391 2070 558 2136 hominum
591 2075 624 2135 et
655 2069 849 2135 honorentur
879 2070 912 2133 in
945 2068 1129 2135 bominibus
1162 2070 1244 2135 bona
1276 2071 1338 2149 dei,
1366 2074 1427 2137 erit

274 2177 412 2242 fraterna
444 2176 612 2242 concordia
639 2183 672 2241 et
699 2175 847 2241 amabilis
874 2194 945 2260 pax,
972 2182 1007 2240 ((1
1035 2176 1066 2239 in
1090 2176 1239 2242 cordibus
1262 2176 1425 2243 hominum

275 2283 384 2348 uincet
406 2282 645 2367 persuasionem
668 2281 787 2348 diaboli
812 2282 927 2363 caritas
952 2282 1081 2348 Christi.

182 2392 204 2455 2
319 2390 431 2472 ltaque
460 2409 533 2455 oum
561 2389 600 2455 ad
627 2407 686 2455 nos
709 2390 845 2455 ueniunt
867 2408 903 2453 er
926 2393 1015 2472 parte
1038 2388 1167 2465 Donati,
1190 2389 1273 2453 mala
1297 2389 1424 2454 illemm

274 2516 336 2561 non
372 2496 578 2581 suscipimus,
614 2496 648 2560 id
680 2487 731 2560 est
763 2494 999 2561 dissensionem
1024 2500 1057 2559 et
1089 2514 1234 2572 errorem,
1267 2495 1323 2560 sed
1353 2495 1425 2580 ipsa

229 2625 257 2668 ao
274 2602 428 2668 tollantur
464 2601 503 2665 de
541 2600 644 2665 medio
686 2605 851 2684 tamquam
891 2600 1119 2682 impedimenta
1160 2597 1370 2680 concordias
1392 2605 1425 2666 et

273 2707 496 2790 amplectimur
518 2706 630 2772 tratres
652 2708 777 2772 stantes
801 2725 875 2771 cunr
900 2705 957 2784 eis,
977 2705 1063 2771 sicut
1086 2705 1164 2771 dicit
1187 2708 1361 2790 apostolus,
1384 2706 1423 2771 in

273 2814 433 2878 unitate
467 2813 643 2897 spiritus
676 2812 715 2877 in
749 2812 918 2878 uinculo
951 2811 1064 2895 pacis
1098 2816 1131 2877 et
1158 2816 1366 2896 agnoscentes
1390 2813 1421 2876 iu

273 2921 318 2984 eis
350 2920 434 2985 bona
466 2918 527 2997 dei,
560 2919 630 2984 siue
663 2922 810 2984 sanctam
843 2908 1039 3002 baptismum
1073 2919 1142 2984 siue
1169 2917 1422 2983 benedictionem

273 3026 479 3109 ordinationis
494 3024 564 3091 siue
584 3025 794 3091 continentiae
811 3025 1044 3106 professionem
1063 3025 1133 3090 siue
1153 3025 1420 3110 consignationem

204 3123 259 3199 ‘ze
272 3132 466 3216 uirginitatis
499 3131 570 3195 siue
602 3130 695 3196 tidem
728 3131 881 3195 trinitatis
914 3134 948 3196 et
979 3131 1007 3196 si
1040 3150 1103 3213 qua
1134 3130 1198 3196 alia
1227 3133 1312 3208 sunt,
1341 3149 1421 3213 quae

273 3240 387 3316 omnia,
412 3238 507 3304 etiam
532 3238 560 3302 si
584 3242 683 3314 erant,
707 3237 787 3301 nihil
811 3241 916 3303 tamen
945 3238 1124 3322 proderant
1154 3236 1276 3319 qnando
1306 3238 1421 3302 caritas

272 3362 332 3409 non
362 3348 438 3410 erat.
473 3344 544 3427 quis
572 3346 680 3409 autem
708 3363 781 3408 uere
797 3344 885 3408 -dieit
907 3363 942 3408 se
965 3344 1079 3410 babere
1103 3342 1222 3408 Christi
1246 3343 1420 3420 caritatem,

360 3536 392 3588 21
413 3534 482 3605 aph.
501 3536 527 3597 4,
547 3535 563 3589 3
613 3536 648 3589 26
666 3532 681 3587 Ι
700 3534 761 3590 Cor.
782 3534 825 3595 13,
845 3535 861 3589 3

308 3660 320 3709 l
346 3657 465 3727 epistula
486 3657 603 3714 scribere
626 3661 657 3710 ut
682 3658 705 3710 si
718 3657 805 3725 star
829 3656 947 3726 epistola
970 3656 1116 3726 exprimere
1134 3659 1166 3712 ut
1184 3657 1209 3708 si
1225 3674 1264 3723 aa:
1288 3657 1420 3712 lacunam

270 3746 431 3816 cipnfficoui
515 3745 670 3814 quidoorr
696 3749 758 3799 ((1.1
776 3746 837 3813 quis
860 3745 886 3798 U
964 3748 994 3798 te
1013 3744 1048 3798 de
1066 3744 1117 3797 hac
1135 3762 1163 3798 re
1182 3744 1241 3799 HR
1320 3750 1349 3800 ta
1367 3762 1418 3799 orn.

276 3832 332 3887 VU
380 3835 563 3902 introgauerit
584 3834 610 3887 Τ
662 3832 764 3903 2quid
787 3832 891 3888 used.
945 3835 1073 3887 deorum
1096 3831 1124 3886 U
1175 3833 1277 3887 blacti
1296 3849 1347 3888 em.
1367 3833 1422 3889 VU

271 3921 472 3992 lbaptismurn
491 3923 586 3976 christi
604 3923 633 3976 in
651 3922 807 3977 hominihus
825 3922 885 3975 HR
929 3922 1043 3992 Serge]
1064 3927 1153 3976 autern
1172 3922 1225 3977 VU
1268 3924 1417 3976 9erroreur

270 4010 415 4068 uralnrnl'
485 4012 532 4080 qui
550 4027 628 4065 snum
647 4011 724 4066 cedet.
744 4028 822 4065 suum
842 4027 922 4080 quem
932 4011 955 4078 s
970 4027 1062 4064 eornm
1081 4028 1161 4079 quern
1181 4017 1240 4064 cett.
1261 4010 1336 4077 edd.;
1353 4027 1417 4063 con·

269 4100 322 4152 ieci
340 4100 404 4168 quia
422 4117 502 4154 suurn
565 4101 599 4155 10
617 4100 662 4155 dei
681 4100 754 4171 qnod
777 4099 879 4158 redd.
952 4101 981 4152 in
1001 4099 1040 4153 eis
1059 4116 1111 4153 om.
1135 4099 1189 4154 VU
1250 4102 1283 4154 16
1301 4103 1333 4152 ut
1351 4099 1417 4152 add.

270 4186 402 4242 Macrini
458 4189 570 4243 coelibus
593 4189 620 4243 V
663 4191 698 4243 ‘20
716 4188 853 4243 tolluntur
870 4188 931 4243 edd.
978 4187 1417 4257 21rmoreoprratresnostrosm

270 4277 304 4330 27
324 4275 376 4329 erit
398 4276 451 4330 Vu
525 4278 667 4332 caritatem
686 4278 783 4332 christi
804 4277 832 4331 U
