3309 4867
611 361 880 431 epistularum
908 361 1014 417 XXXV.
1060 395 1062 408 ι
1337 368 1380 431 29

229 556 262 621 iu
301 554 500 622 detestabilis
538 556 732 652 uinolentiae
767 556 1030 624 bacchationibus
1068 558 1225 641 superbus
1262 561 1383 624 exultat

233 664 375 748 gaudens
397 662 589 728 latissimam
613 662 674 728 sibi
698 665 838 746 apertam
863 682 938 729 esse
952 663 1112 729 licentiam
1133 665 1235 729 malae
1253 685 1383 731 conuer-

234 769 378 846 sationis,
420 767 502 834 unde
540 769 572 832 in
608 768 768 834 catholiea
803 769 1041 852 prohibebatur.
1083 773 1116 835 st
1150 770 1211 835 hoc
1246 773 1382 837 tortasse

233 874 442 941 Pmcnlianns
470 874 605 959 ignoret
639 893 714 959 ergo
741 893 798 957 per
824 880 913 939 tuam
942 875 1133 959 grauitatem
1157 884 1253 959 atque
1276 878 1383 942 mode·

200 983 331 1046 ostiam
353 981 455 1047 eidem
479 981 512 1046 in
533 981 682 1050 ,nondam
707 980 892 1065 perferatur.
920 980 1031 1046 iubeat
1057 1001 1141 1061 enm,
1170 983 1226 1066 qui
1253 1002 1315 1048 non
1343 983 1382 1048 ob

235 1087 322 1153 atiud
361 1088 450 1153 illam
492 1088 744 1154 communionem
783 1087 913 1173 delegit,
950 1088 1012 1153 nisi
1049 1089 1123 1171 quia
1158 1090 1190 1154 in
1228 1090 1385 1155 catholica

236 1194 418 1261 clericatum
437 1193 592 1261 'amiserat
613 1198 742 1279 propter
764 1194 1031 1261 inoboedientiam
1056 1198 1089 1259 et
1110 1196 1252 1278 perditos
1269 1216 1384 1275 mores,

236 1320 255 1364 a
277 1317 337 1367 sna
359 1300 580 1367 communione
603 1302 772 1367 remoueri.

163 1401 188 1466 8
279 1407 404 1474 Etenim
433 1425 503 1492 ego,
532 1406 559 1474 ei
593 1407 720 1473 domino
752 1407 869 1491 placet,
903 1407 1002 1472 istum
1036 1407 1167 1473 modum
1201 1427 1305 1487 seruo,
1338 1413 1385 1489 ut,

190 1533 217 1574 10
236 1513 382 1596 quisquis
405 1514 490 1598 apud
513 1534 568 1580 eos
592 1518 716 1598 propter
743 1510 943 1596 disciplinam
968 1512 1160 1598 degradatus
1189 1515 1228 1579 ud
1256 1515 1387 1581 catholi-

236 1637 304 1685 cam
327 1619 462 1685 transire
486 1621 635 1698 uoluerit,
658 1621 690 1686 in
718 1619 939 1685 humiliatione
966 1621 1177 1704 paenitentiae
1205 1622 1385 1705 recipiatur,

236 1744 298 1808 quo
322 1728 357 1791 et
377 1727 441 1808 ipsi
464 1746 537 1796 eum
561 1727 694 1794 forsitan
719 1729 880 1810 cogerent,
905 1726 932 1790 si
957 1725 1042 1809 apud
1065 1745 1120 1792 eos
1143 1746 1269 1792 manere
1297 1729 1387 1793 nolu-

236 1832 328 1899 isset.
361 1833 400 1897 ab
429 1833 476 1899 eis
503 1853 580 1900 uero
610 1832 785 1911 considera,
813 1851 933 1914 qneeso
965 1836 1010 1911 te,
1043 1851 1138 1915 qnam
1170 1834 1392 1899 execrabiliter.

236 1937 302 2017 liat,
325 1942 373 2018 ut,
392 1957 474 2023 qnos
492 1941 575 2005 male
594 1937 743 2005 uiuentes
763 1938 982 2004 ecclesiastica
1000 1937 1169 2021 disciplina
1187 1940 1386 2023 corripimus,

191 2068 218 2107 ιο
235 2046 465 2128 persuadeatur
497 2045 554 2125 eis,
582 2049 619 2111 ut
646 2046 686 2110 ad
712 2045 876 2110 lunacrnm
904 2045 1040 2110 alterum
1068 2046 1200 2111 ueniant
1222 2048 1328 2129 atque,
1351 2050 1389 2110 ut

235 2148 269 2214 id
291 2152 432 2235 accipere
455 2156 644 2230 mereantur,
669 2169 811 2237 paganos
835 2168 869 2215 se
893 2170 964 2215 esse
986 2151 1308 2234 respondeantquae
1326 2171 1387 2217 uox

236 2276 275 2323 ne
305 2258 493 2342 procederet
522 2258 561 2323 de
594 2277 647 2323 ore
672 2257 863 2334 Christ-iano,
896 2260 1005 2322 tantus
1044 2258 1175 2341 sanguis
1213 2265 1385 2342 martyrum

237 2363 329 2430 fusius
353 2368 413 2442 est,
437 2363 549 2430 deinde
573 2366 665 2447 quasi
689 2363 834 2429 renouati
858 2365 891 2428 et
913 2363 1005 2445 qnasi
1029 2365 1218 2454 sanctificati
1247 2366 1387 2447 discipli·

236 2490 305 2549 nae,
339 2491 433 2553 quam
466 2471 547 2536 ferre
579 2490 641 2537 non
675 2473 857 2554 potuerunt,
887 2471 1059 2536 deteriores
1087 2471 1177 2537 ducti¹
1193 2472 1253 2536 sub
1281 2473 1387 2556 specie

189 2601 218 2641 zo
236 2596 339 2643 nonae
371 2578 492 2663 gratiae
526 2577 693 2663 sacrilegio
722 2577 797 2642 noui
823 2577 939 2643 furoris
967 2577 1132 2643 insultent.
1166 2582 1222 2651 aut
1249 2578 1277 2642 si
1304 2578 1386 2641 male

236 2683 318 2750 facio
341 2704 398 2767 per
424 2688 513 2752 tuam
542 2683 790 2750 beniuolentiam
819 2684 883 2748 ista
910 2683 1094 2769 corrigenda
1116 2695 1242 2764 'curare
1271 2685 1309 2748 de
1337 2703 1387 2748 me

235 2791 344 2855 nullus
368 2795 530 2872 queratur,
554 2791 582 2856 si
604 2791 682 2857 baec
712 2792 757 2856 illi
787 2791 917 2876 perferri
944 2792 976 2856 in
1004 2792 1150 2856 notitiam
1179 2811 1235 2875 per
1262 2793 1387 2857 codices

235 2896 383 2979 publicos
423 2897 538 2974 secero,
576 2899 632 2981 qni
669 2898 748 2964 mihi
785 2895 974 2982 negarint
1005 2897 1149 2974 arbitror,
1182 2899 1213 2964 in
1245 2899 1388 2964 Romane

236 3002 370 3068 ciuitate
402 3023 462 3069 non
491 3008 636 3087 possunt.
669 3024 742 3082 nem
771 3024 845 3070 cum
874 3005 952 3069 deus
980 3005 1126 3088 imperet,
1153 3008 1191 3070 ut
1217 3006 1387 3089 loquamur

188 3135 216 3176 as
237 3112 271 3173 et
291 3109 512 3192 praedicemus
532 3112 663 3177 uerbum
685 3118 717 3177 et
735 3111 942 3188 docentes,
963 3129 1063 3194 qnae
1086 3131 1160 3176 non
1186 3115 1385 3194 oporteat,

235 3215 420 3281 refellamus
455 3219 489 3281 et
525 3216 682 3289 instemus
720 3224 946 3301 opportune
984 3220 1105 3299 atque
1142 3218 1385 3300 importune.

326 3422 407 3477 2411
425 3422 495 3477 Tim.
513 3425 539 3488 4,
559 3426 587 3482 2ο
608 3423 662 3478 Tit.
683 3426 707 3489 l,
729 3427 759 3479 ll

274 3548 287 3601 l
308 3545 468 3601 detestabili
484 3547 513 3603 Β
562 3549 579 3602 2
599 3565 657 3603 ease
676 3552 799 3619 apertum
818 3548 957 3602 licentiam
976 3546 1014 3600 Μ
1030 3548 1283 3618 apertissimamque
1301 3551 1385 3605 licen·

234 3636 303 3690 tiam
322 3653 380 3691 esse
399 3636 427 3690 Β
477 3638 685 3707 3proonlianua
702 3638 819 3692 tortasse
837 3635 865 3691 Β
918 3630 1149 3691 4Procnleiann'e
1167 3654 1195 3690 m
1262 3638 1385 3709 biliam]

236 3721 272 3779 ad
289 3724 364 3780 illam
384 3719 429 3790 (ed
449 3740 510 3795 ap.
528 3728 603 3792 Μ)
622 3726 680 3792 P,
703 3725 944 3780 lammiseratM
991 3725 1162 3779 amedeum
1183 3726 1219 3790 (ic
1237 3725 1344 3792 eros.?)
1362 3727 1387 3779 P

238 3813 272 3866 12
291 3813 425 3867 uoluisset
441 3829 550 3869 manere
568 3814 595 3868 A
653 3816 685 3869 14
704 3817 805 3869 utone.
824 3813 943 3880 MFAB
1016 3810 1185 3870 doctrinaR
1240 3817 1272 3869 15
1293 3819 1386 3885 utque]

237 3916 291 3971 quc
308 3900 375 3956 ΜΓ
390 3902 437 3972 qni
455 3901 512 3957 AB
582 3905 615 3956 nt
631 3903 672 3973 id]
689 3902 719 3957 id
738 3902 824 3957 ntM
840 3908 872 3957 ut
889 3901 1005 3957 illndR
1062 3903 1094 3956 17
1114 3902 1159 3973 de]
1178 3904 1251 3958 οιΒ
1305 3908 1385 3957 tanta

236 3995 383 4060 martyrum
402 3981 514 4060 sangnis
533 3991 570 4046 M
624 3993 663 4060 Ι18
683 3992 772 4061 quasi]
791 4009 845 4061 qua
862 3991 893 4045 F
908 4008 979 4062 aqna
998 3991 1026 4044 A
1087 3992 1122 4044 22
1141 3997 1288 4061 quaeratur
1305 3992 1387 4048 FAP

236 4080 293 4146 (pr.
313 4094 329 4131 a
347 4081 429 4147 crea)
448 4077 477 4135 Β
570 4080 623 4150 illi]
643 4080 682 4134 illi
703 4079 803 4150 ad(ad
822 4097 882 4148 exp.
902 4079 1028 4150 m.1)M
1114 4081 1149 4134 23
1167 4082 1261 4149 negari
1280 4097 1331 4136 om.
1351 4080 1389 4135 M

273 4166 386 4233 ciuitate
404 4183 515 4222 romana
535 4169 562 4224 Β
623 4171 658 4223 25
678 4171 788 4239 oportet
805 4169 865 4224 edd.
881 4174 996 4238 praeter
1015 4185 1033 4221 c
1052 4184 1101 4224 sec.
1126 4168 1205 4238 Vetto.
1252 4170 1287 4224 26
1302 4174 1384 4240 atque

235 4256 389 4324 importune
408 4271 458 4310 om.
478 4258 506 4311 A
