3309 4867
619 408 885 479 epistularum
913 407 1002 464 XCIII
1331 410 1396 477 485

246 603 460 688 paenitentiae
486 601 594 669 locum
622 605 733 668 contra
760 602 915 668 adulteria
943 601 1143 683 clauserunt‚'
1164 552 1355 669 nonKtumeu
1372 618 1396 669 a

248 711 508 794 coepiscoporum
550 694 681 776 suorum
718 709 855 794 collegio
891 712 1093 776 recesserunt
1128 714 1185 776 ant
1220 709 1397 776 catholicae

249 816 402 882 ecclesiae
424 816 580 882 unitatem
604 815 658 881 uel
681 815 798 882 duritie
821 816 875 881 uel
898 833 1050 882 censurae
1078 836 1155 882 suae
1184 816 1397 893 obstinatione

247 926 411 1007 ruperunt,
439 926 487 1001 ut,
515 923 591 1007 quta
613 922 697 1007 apud
725 921 805 988 elios
824 916 982 988 ‘adulteris
1010 922 1230 1005 perderetur,
1258 922 1314 1006 qni
1336 942 1397 988 nou

214 1030 355 1109 edebat,
379 1029 418 1094 de
440 1028 578 1095 eeclesia
600 1032 808 1112 separaretur.
832 1033 978 1094 manente
1001 1028 1189 1094 concordIae
1212 1028 1342 1095 uinculo
1366 1034 1399 1094 et

248 1137 472 1220 perseuerantes
494 1135 647 1201 ecclesiae
670 1134 845 1203 catholicae
867 1134 1035 1202 indiuiduo
1064 1140 1261 1201 sacramento
1290 1139 1397 1202 actum
1453 1157 1456 1161 ⁴

249 1262 344 1308 suum
380 1240 523 1325 disponit
558 1247 590 1307 et
626 1241 736 1326 dirigit
775 1241 997 1326 unusquisque
1034 1242 1204 1325 episcopus
1245 1242 1397 1308 rationem

248 1347 404 1434 propositi
431 1347 483 1413 sui
510 1348 638 1414 domiuo
666 1347 872 1413 redditurus.’
905 1348 982 1431 quid
1008 1349 1048 1413 ad
1077 1349 1154 1414 baec
1184 1349 1275 1428 dicis,
1301 1349 1400 1414 irater

249 1454 419 1522 Vincenti?
460 1473 572 1538 nempe
613 1454 747 1519 intueris
790 1455 874 1521 bunc
911 1460 1034 1520 tantum
1072 1456 1190 1532 urinum,
1229 1456 1399 1539 pacificum

201 1592 230 1629 ιο
250 1562 436 1645 episcopum
452 1565 485 1626 et
498 1560 714 1627 vfortissimum
724 1558 902 1644 martyrem·
912 1560 991 1627 nibil
1006 1562 1228 1629 uehementius
1243 1564 1400 1648 sategisse

251 1686 346 1752 quam
361 1687 399 1733 ne
413 1668 546 1734 unItatis
561 1668 726 1733 uinculum
740 1672 949 1750 rumperetur.
969 1667 1060 1734 uides
1074 1688 1147 1734 eum
1161 1669 1399 1752 parturientem,

250 1793 312 1841 non
339 1775 444 1840 solum
472 1778 509 1839 ut
534 1774 661 1858 paruuli
690 1775 721 1839 in
750 1774 876 1840 Christo
906 1775 1049 1860 concepti
1076 1780 1258 1855 nascautur,
1286 1793 1398 1841 uerum

249 1881 345 1960 etiam
370 1899 410 1945 ne
432 1881 496 1945 iam
519 1880 585 1946 nuti
608 1881 646 1946 de
670 1880 741 1946 sinu
765 1881 876 1946 matris
901 1881 1026 1947 excussi
1048 1875 1230 1948 moriantur.

140 1999 199 2064 42
269 1987 390 2052 'Porro
420 1990 526 2053 antem
559 1987 663 2069 ipsam
690 2006 767 2068 rem,
800 2006 895 2069 quam
924 1990 1034 2053 contra
1060 1987 1177 2071 impios
1204 1991 1400 2070 separatores

203 2093 524 2171 recommemorent,
566 2092 710 2159 adtende.
753 2094 781 2158 si
822 2092 976 2159 adulteris
1017 2093 1309 2175 communicabant
1345 2094 1400 2176 qui

252 2199 487 2283 paenitentibus
516 2199 669 2265 adulteris
697 2217 806 2283 pacem
832 2200 957 2276 dabant,
990 2200 1146 2284 numquid
1168 2200 1227 2279 illi,
1256 2201 1311 2283 qui
1339 2199 1401 2265 boc

253 2326 313 2372 non
333 2307 502 2386 faciebant,
526 2306 663 2391 collegio
682 2306 926 2371 meomabanour
947 2304 1104 2372 istorum?
1128 2308 1292 2381 stentem,
1316 2307 1401 2390 quod
1481 2336 1488 2349 =

253 2414 372 2479 ueritas
391 2414 488 2479 babet
506 2416 539 2478 et
556 2412 641 2496 quod
661 2412 796 2478 eeclesia
814 2413 927 2479 merito
946 2414 1044 2491 tenet,
1062 2416 1147 2479 recte
1166 2412 1400 2497 paenitentibus

253 2519 405 2586 adulteris
432 2538 492 2603 pax
521 2520 663 2597 dabutur,
692 2519 751 2597 illi,
780 2520 835 2602 qui
863 2521 894 2585 in
923 2523 1028 2586 totum
1056 2521 1164 2585 locum
1191 2520 1400 2604 paenitentiae

203 2657 234 2698 ao
253 2614 363 2693 conba'
374 2626 535 2697 adulteros
549 2626 750 2703 claudebant,
768 2625 866 2711 impie
885 2627 996 2708 utique
1010 2626 1156 2711 agebant,
1176 2626 1231 2708 qui
1249 2625 1401 2691 membris

254 2732 372 2800 Christi
409 2732 577 2798 sanitatem
611 2733 767 2817 negabant
805 2738 838 2798 et
870 2732 976 2799 claues
1008 2732 1162 2797 ecclesiae
1199 2731 1401 2814 pulsantibus

253 2838 482 2905 subtrahebant
509 2842 542 2904 et
571 2838 889 2905 misericordissimae
921 2838 1092 2924 patientiae
1120 2837 1182 2912 dei,
1215 2854 1294 2918 quiae
1327 2836 1400 2901 illos

253 2949 418 3029 propterea
445 2945 570 3012 sinebat
596 2946 717 3023 uiuere,
750 2950 787 3011 ut
819 2945 1008 3029 paenitendo
1036 2949 1221 3010 sanarentur
1246 2942 1400 3008 sacrificio

254 3051 381 3117 contriti
406 3052 539 3137 spiritus
563 3055 596 3117 et
619 3050 823 3117 contribulati
848 3052 951 3118 cordis
976 3049 1092 3127 oblato,
1117 3049 1195 3115 dura
1214 3049 1402 3143 crudelitate

204 3189 234 3230 ss
254 3161 362 3225 contra
393 3157 551 3225 dicebaut.
589 3177 647 3223 nec
680 3162 785 3224 tumen
823 3161 903 3224 istos
937 3149 1164 3223 misericordes
1185 3160 1217 3223 et
1253 3155 1402 3238 pacificos

254 3283 327 3330 cum
359 3265 407 3331 eis
436 3264 615 3331 Christiana
648 3268 844 3330 sacramenta
873 3264 1145 3330 communicantes
1173 3266 1206 3329 et
1234 3280 1287 3328 eos
1319 3261 1416 3326 iutra·

293 3600 302 3650 l
325 3596 413 3651 locum
431 3595 617 3666 paenItentiae
636 3595 663 3649 L
759 3593 924 3648 adulterium
946 3594 970 3648 C
1058 3593 1198 3649 cluserunt
1220 3594 1301 3662 Cypr.
1321 3590 1400 3647 cbdd,

290 3684 324 3739 ab
343 3685 530 3755 episcoporum
550 3683 659 3738 cedda
696 3683 789 3754 baut]
809 3686 941 3753 quantum
960 3682 988 3737 P
1023 3680 1177 3737 dduritiac
1195 3681 1304 3736 corteto
1321 3680 1401 3748 Ceprr.

290 3774 488 3828 aestuatione·
505 3773 577 3841 (fuit
596 3782 633 3831 rut
653 3772 680 3827 L
715 3780 732 3827 4
753 3771 870 3826 dabatur
888 3771 949 3826 edri.
965 3777 1106 3840 praetera
1124 3786 1176 3824 ser.
1199 3770 1279 3839 Cypr.
1324 3770 1340 3821 5
1359 3782 1401 3819 se·

255 3866 394 3933 pareretur
407 3862 444 3916 M
460 3866 600 3931 separetur
613 3861 642 3917 R
676 3863 695 3917 6
709 3861 859 3916 catholirae
879 3860 1009 3915 ecclesiae
1022 3859 1082 3915 edd.
1097 3865 1211 3929 practer
1222 3875 1240 3911 a
1252 3873 1301 3911 sec
1319 3856 1401 3924 (ξων.

255 3952 270 4006 7
291 3951 454 4022 disponebat
472 3956 500 4004 et
519 3949 656 4020 dirigebat
674 3950 702 4004 P
758 3950 775 4003 9
794 3948 931 4003 uincentie
947 3948 1018 4014 (ferit
1037 3949 1057 4011 i)
1077 3946 1112 3999 M
1169 3946 1200 4000 10
1219 3944 1287 3998 nihil
1305 3960 1356 3997 our.
1376 3945 1401 3996 A

290 4039 468 4110 εαῒιςίοεεῦ
524 4039 553 4094 Il
575 4039 652 4093 uides
671 4040 742 4093 enisu
762 4055 814 4091 uou
835 4038 922 4091 soluur
943 4053 1002 4090 euru
1022 4035 1217 4106 parturierrtenr
1232 4032 1260 4087 R
1316 4032 1348 4087 le
1362 4031 1401 4084 illi

254 4146 306 4186 om.
325 4128 357 4184 N
411 4127 443 4183 18
461 4129 558 4182 nrerIto
578 4128 733 4183 ecclesieR
781 4128 816 4180 ‘20
837 4125 1113 4195 qui-tregubautom
1139 4123 1168 4178 N
1217 4120 1402 4191 arrogabant

254 4221 286 4271 iu
303 4219 403 4285 flucre.
423 4234 474 4271 orn.
494 4217 521 4271 P
573 4220 607 4271 ‘23
626 4218 812 4285 sacrificioque
832 4215 858 4268 P
916 4214 951 4269 24
971 4213 1062 4267 ublato
1084 4214 1108 4265 C
1178 4210 1313 4269 proritare.
1333 4224 1402 4263 corr.

255 4312 315 4361 ru!
334 4305 496 4360 rrudelitate
515 4306 550 4360 M
