3309 4867
305 408 368 470 180
655 405 683 458 S.
711 403 848 458 Aureli
877 405 1098 475 Augustini

301 600 436 680 tranum,
474 620 536 683 quo
574 599 795 665 uniuersitatis
833 598 1040 683 significatio.
1063 617 1157 683 saepe
1194 599 1358 684 figuratim,
1396 600 1454 683 qni

303 704 399 772 etiam
423 707 486 790 ipsi
509 707 661 772 ecclesiae
685 706 839 770 tribuitur
859 709 989 788 propter
1010 705 1111 770 instar
1132 705 1361 772 uniuersitatis.

191 799 236 864 Vl
249 801 291 864 10
350 811 424 878 Ideo
447 811 602 877 Iohannes
627 810 793 894 apostolus
815 811 848 875 iu
871 811 1064 897 Apocalypsi
1087 812 1133 876 ad
1157 818 1313 895 septem
1340 811 1456 879 scribit

303 918 520 984 eeclesias.
552 917 687 983 ecelesia
719 936 796 983 uero
831 917 935 984 adbuc
966 918 999 981 in
1031 917 1095 983 ista
1126 919 1320 985 mortalitate
1348 918 1454 984 carnis

198 1074 201 1084 .
303 1023 478 1089 constituta
517 1025 645 1108 propter
684 1023 787 1107 ipsam
828 1024 1078 1114 mutabilitatem
1118 1024 1212 1090 lunae
1252 1026 1378 1091 nomine
1418 1025 1453 1090 lu
1490 1050 1505 1091 s

303 1129 471 1214 scripturis
495 1127 703 1213 significatur.
727 1130 811 1195 unda
841 1134 891 1195 est
916 1129 1012 1196 illud:
1045 1129 1298 1197 Parauerunt
1329 1132 1455 1216 sagit·

304 1240 367 1302 tas
393 1255 487 1302 suas
511 1235 549 1299 in
573 1234 777 1319 pharetra,
802 1238 847 1300 ut
870 1236 1137 1321 sagittantis
1162 1236 1457 1303 obscuraluna

304 1345 441 1407 rectos
475 1341 606 1407 eorde.
635 1340 724 1423 prius
749 1341 832 1406 enim
859 1361 954 1424 quam
976 1341 1033 1408 fiat
1055 1341 1147 1420 illud,
1170 1342 1255 1426 quod
1279 1342 1358 1408 dicit
1380 1361 1455 1425 apo·

305 1450 424 1514 stolus:
459 1447 553 1514 Cum
582 1447 777 1514 Christus
805 1449 1046 1532 apparuerit
1074 1448 1162 1514 uita
1184 1452 1334 1528 nestra,
1357 1453 1454 1515 tuuc

305 1558 344 1619 et
367 1573 439 1620 uos
464 1572 550 1619 cum
575 1553 652 1622 illo
673 1553 931 1638 apparebitis
949 1554 988 1619 in
1008 1554 1153 1639 gloria,
1173 1555 1309 1620 obscura
1326 1554 1455 1619 uidetur
1477 1582 1506 1621 1o

305 1661 441 1726 ecclesia
466 1661 498 1726 iu
526 1664 669 1744 tempore
696 1661 959 1746 peregrinationis
990 1680 1066 1726 snae
1095 1660 1176 1726 iuter
1197 1661 1317 1726 multas
1339 1659 1454 1742 iniqui·

303 1770 387 1841 tetes
430 1784 559 1850 gemens
602 1769 635 1831 et
670 1767 748 1830 tuuc
790 1768 867 1830 sunt
907 1765 1066 1831 timendae
1112 1764 1246 1831 insidiae
1291 1765 1454 1832 sabacium

304 1872 520 1950 seductorum,
550 1883 629 1955 quas
661 1871 788 1935 nomine
821 1871 1011 1955 sagittarum
1045 1870 1190 1955 intellegi
1222 1872 1338 1942 uoluit.
1371 1870 1454 1936 uude

304 1978 367 2042 alio
394 1977 465 2042 loeo
493 1981 623 2060 propter
649 1977 777 2042 nuntios
805 1977 1010 2043 fidelissimos
1038 1976 1195 2048 ueritatis.
1226 1997 1306 2059 quos
1334 1977 1453 2059 ubique

307 2082 392 2168 parit
414 2081 558 2167 ecclesia,
588 2081 717 2147 dicitur:
749 2081 862 2147 Luna
886 2083 1010 2147 testis
1039 2083 1076 2147 iu
1106 2084 1217 2149 eaelo
1242 2084 1397 2160 fidelis,
1422 2087 1455 2148 et
1477 2111 1505 2151 rs

309 2203 382 2256 eum
405 2187 444 2253 ta
467 2207 564 2273 regno
589 2187 708 2252 domiui
730 2188 875 2270 psalmus
905 2193 1043 2254 caueret:
1074 2188 1248 2267 Orietur,
1276 2191 1391 2273 inquit
1417 2190 1453 2253 in

309 2296 452 2361 diebus
490 2293 576 2359 eius
609 2287 777 2358 institia
810 2296 850 2358 et
886 2294 1136 2360 abundantia
1167 2296 1292 2378 pacis,
1325 2296 1454 2380 quoad

308 2418 437 2484 nsque
472 2395 758 2465 interficiatur
793 2400 898 2476 luna,
930 2401 963 2465 id
996 2405 1045 2466 est
1078 2402 1270 2467 abundantia
1302 2403 1388 2486 pacis
1419 2403 1451 2467 in

306 2510 433 2574 tantum
474 2510 605 2584 crescet,
648 2505 747 2571 donec
789 2525 914 2571 omnem
956 2507 1203 2574 mutabilitatem
1247 2509 1451 2575 mortalitatis

306 2614 464 2680 absumat.
483 2617 558 2678 tunc
578 2613 806 2681 nouissima
828 2612 997 2679 inimica
1020 2615 1262 2680 destruetur
1284 2635 1389 2681 mors
1410 2620 1451 2689 et,
1472 2648 1502 2687 so

396 2839 514 2909 bspoc.
536 2838 597 2905 1³4
642 2837 722 2894 6Ps.
743 2838 821 2903 tue
872 2837 965 2901 acu
986 2839 1048 2902 8.4
1097 2839 1129 2894 15
1148 2840 1190 2894 Ps.
1210 2837 1308 2900 seua
1356 2840 1389 2894 16
1407 2838 1451 2892 Pa.

307 2929 386 2995 'll‚7
440 2925 703 2991 teletarum
1053 2929 1054 2934 ’
1099 2958 1103 2965 ·

344 3060 549 3116 luniuersitas.
568 3061 634 3112 ma
652 3058 841 3115 uniuersitatis
859 3058 886 3112 Β
959 3058 1069 3129 qui-K
1086 3059 1190 3129 quiaB
1241 3047 1306 3115 set
1324 3064 1451 3124 &cruat

306 3148 340 3204 K
433 3148 642 3220 teporalipsiu
669 3146 701 3201 K
814 3145 923 3201 scribsit
946 3144 982 3204 ad
1007 3153 1111 3218 septem
1135 3148 1164 3203 13
1194 3147 1228 3202 ad
1258 3155 1363 3218 septem
1387 3150 1453 3203 scri·

307 3236 414 3294 bsuaP
501 3236 625 3291 tinstar
641 3233 861 3290 mortalitatisP
915 3232 1019 3290 ’carnis
1037 3237 1131 3290 ooaB
1199 3237 1343 3291 bnonriue
1362 3234 1455 3290 om.P

342 3327 371 3380 in
389 3341 440 3380 om,
460 3324 493 3378 K
562 3324 722 3393 bsignatnr
739 3322 800 3377 edd.
887 3322 967 3393 illud]
989 3330 1017 3378 et
1035 3322 1105 3378 illut
1122 3324 1247 3395 Eugippr'
1263 3324 1324 3378 eod.
1348 3324 1410 3379 Vct.
1428 3329 1453 3377 et

311 3414 386 3469 Vara.
458 3415 639 3485 paarauerunt
655 3411 684 3466 P
736 3412 836 3466 lanas
854 3427 905 3465 om.
925 3411 958 3465 K
1016 3413 1181 3483 sagittarent
1199 3413 1276 3466 P¹P²
1291 3412 1452 3482 insagittcnt

305 3502 431 3573 Eupippr'
449 3500 508 3556 cod.
527 3499 590 3554 Vct.
658 3500 687 3553 in
707 3499 833 3553 obscuris.
846 3503 939 3553 rectos
955 3500 992 3553 M
1062 3501 1079 3554 8
1097 3501 1254 3572 priusquam
1275 3502 1345 3556 enim
1364 3500 1452 3555 flatu

305 3590 469 3660 bapparuit
486 3589 523 3644 Μ
593 3587 855 3658 uita-apparebitis
874 3588 923 3650 bia,
944 3588 1062 3643 alteram
1081 3589 1132 3642 del.
1152 3589 1179 3643 B
1235 3591 1268 3644 10
1286 3588 1454 3659 adparebitis

305 3693 366 3733 eum
385 3678 433 3731 illo
447 3678 475 3731 P
492 3676 660 3748 apparabitis
678 3693 738 3730 eum
757 3676 815 3746 ipso
839 3676 898 3730 edd.
917 3692 967 3731 acc.
987 3676 1065 3748 Vulg.
1121 3676 1148 3730 in
1169 3676 1270 3746 gloria»
1286 3677 1357 3744 (fuit
1375 3679 1412 3740 ru)
1426 3675 1454 3730 P

307 3781 368 3820 curn
386 3765 474 3835 gloria
491 3766 519 3819 B
592 3764 780 3819 obscurabitur
798 3765 932 3818 aecclesia
948 3765 980 3819 K
1036 3767 1066 3820 ll
1087 3764 1246 3836 iniquitates
1265 3765 1315 3826 bis,
1335 3764 1450 3819 alteram

264 3919 268 3929 ¹
308 3854 360 3909 del.
380 3851 419 3907 Ρ1
436 3853 603 3922 iniquitates
615 3869 678 3909 suas
697 3856 770 3918 (snas
788 3857 861 3922 esp.)
881 3853 909 3906 B
965 3854 997 3907 12
1015 3852 1131 3908 insidiae
1150 3870 1201 3907 om.
1220 3854 1248 3906 P
1307 3855 1339 3909 13
1359 3853 1453 3907 seduc·

308 3943 414 3996 tionum
433 3939 544 3996 P¹P²M
600 3941 633 3995 14
651 3941 762 3995 nsanos
780 3938 909 3996 seductor
929 3940 1101 3996 fidelissimos
1121 3941 1259 4006 (seductoi
1273 3939 1326 3996 del.
1340 3959 1375 3996 aa.
1386 3947 1411 4008 lp
1426 3942 1452 3995 B

345 4030 391 4083 ubi
410 4028 437 4083 B
493 4028 884 4096 recommemorata
954 4030 1132 4099 psalmistam
1207 4040 1331 4084 cantaret
1348 4030 1375 4084 P
1392 4030 1450 4084 aad,

309 4119 341 4173 lt
362 4134 501 4189 quousque
521 4117 608 4171 PBK
625 4117 709 4173 donec
728 4117 787 4171 edat.
807 4133 858 4173 aec.
878 4117 958 4188 Volo.
1069 4119 1102 4174 18
1126 4136 1169 4190 pa,
1192 4123 1258 4173 Μ
1281 4119 1346 4174 add.
1372 4119 1410 4174 cis
1430 4121 1455 4173 1¹

310 4209 342 4262 19
362 4207 459 4260 erescit
475 4205 536 4261 ΒΚ
606 4205 676 4261 done
695 4205 728 4260 K
799 4205 1040 4261 inmutabilitatem
1060 4206 1086 4259 P
1158 4207 1290 4266 morietis.
1305 4211 1452 4262 ’κλωπ-

308 4296 425 4350 talitatis
444 4294 470 4348 B
524 4296 559 4350 20
578 4294 704 4350 adsumat
722 4293 783 4348 ΒΚ
