3309 4867
269 294 335 358 400
623 295 650 347 S.
678 293 818 348 Aureli
847 293 1067 363 Augustini

268 487 417 566 dicimus,
448 493 486 555 ut
517 490 722 572 quaestiones
755 488 895 555 infinitas
927 493 1025 573 atque
1058 490 1234 572 superfluas
1263 489 1302 553 de
1328 490 1423 555 factis

267 595 443 674 bominum,
466 613 548 679 quae
570 594 727 667 rationem
749 599 889 662 nostram
913 595 993 661 nihil
1016 595 1206 679 impediunt,
1229 597 1422 663 auferamus.

224 688 243 750 4
314 700 378 767 Sed
410 704 443 766 et
474 720 545 779 uos,
577 701 640 767 nisi
668 701 729 768 boo
757 702 913 782 sentietis,
942 703 1024 768 tales
1052 702 1141 768 eritis
1170 704 1423 785 emmanuelis

269 805 408 891 Optatus
440 807 473 873 in
504 811 614 874 uestra
645 809 867 875 communione
895 808 990 874 uobis
1018 827 1080 875 non
1108 809 1328 893 ignorantibus
1350 809 1423 883 fuit,

270 913 356 996 quod
386 914 473 980 absit
504 914 544 980 sb
576 914 710 981 Emeriti
741 915 885 982 moribus
919 914 1119 998 aliomnrdue
1150 914 1275 993 talium,
1310 914 1423 998 ,quales
1461 939 1477 978 s

269 1019 354 1109 apud
378 1038 437 1086 uos
461 1039 532 1086 esse
556 1039 617 1087 non
642 1020 754 1086 dubito
778 1022 874 1106 longe
899 1041 916 1087 a
939 1021 1034 1086 factis
1058 1021 1147 1087 illius
1166 1022 1297 1087 alienos.
1321 1040 1424 1105 neque

269 1126 354 1192 enim
390 1126 483 1192 uobis
521 1127 678 1202 obicimus
715 1128 777 1192 nisi
815 1128 1000 1194 schismatis
1038 1128 1168 1206 crimen,
1200 1140 1296 1211 quam
1327 1128 1424 1194 etiam

269 1232 433 1299 haeresem
457 1233 548 1299 male
579 1233 812 1317 perseuerando
848 1234 983 1300 fecistis.
1022 1234 1134 1317 quenti
1171 1240 1278 1300 autem
1316 1233 1426 1299 diuino

268 1335 388 1405 iudicio
420 1339 584 1432 pendetur
609 1340 669 1406 boc
695 1340 832 1420 facinus,
860 1341 941 1427 lege,
967 1338 1053 1424 quod
1076 1345 1109 1407 to
1132 1341 1251 1428 legisse
1274 1360 1334 1417 non
1358 1360 1427 1408 am·

268 1443 355 1529 bigo.
378 1445 522 1511 inuenies
545 1446 671 1512 Dathsn
695 1451 727 1512 et
750 1445 870 1511 Abiron
894 1447 986 1527 biatu
1015 1452 1116 1512 terrae
1144 1446 1314 1512 deuorstos
1343 1450 1426 1513 cete·
1450 1471 1478 1509 ιο

269 1569 385 1634 rosque
418 1570 538 1629 omnes,
572 1553 628 1635 qui
660 1553 707 1618 eis
740 1557 976 1633 consenserant,
1009 1553 1084 1638 igne
1116 1553 1156 1619 de
1184 1552 1289 1619 medio
1316 1572 1426 1619 eorum

270 1656 425 1730 existente
457 1648 674 1742 consumptos.
707 1658 788 1724 illud
820 1679 895 1745 ergo
924 1661 1032 1725 scelus
1062 1659 1101 1724 ad
1128 1659 1306 1744 exemplum
1339 1660 1426 1725 deui-

268 1762 359 1829 tandi
390 1758 543 1829 dominus.
570 1763 650 1831 deus
674 1766 842 1849 ¹pruesenti
874 1765 1034 1848 supplicio
1068 1768 1244 1843 denotarit,
1276 1770 1323 1833 ut.
1352 1784 1426 1831 cum

268 1869 391 1939 talibus
425 1870 658 1953 patientissime
694 1871 806 1955 parcit,
838 1871 932 1955 'quali
971 1871 1086 1940 ultimo
1122 1871 1241 1938 iudicio
1274 1876 1428 1963 reseruet.

270 1975 460 2042 ostenderet
493 1995 593 2061 neque
622 1978 706 2043 enim
728 1978 990 2060 reprebendimus
1014 1976 1151 2043 rationes
1175 1982 1311 2055 nerbas,
1333 1978 1364 2055 si
1387 1998 1426 2043 eo
1448 2003 1478 2045 rr
1524 1980 1526 1985 '

269 2085 422 2165 tempore,
446 2100 508 2165 quo
532 2101 652 2151 uesano
673 2082 821 2167 potentia
842 2085 945 2150 furere
973 2084 1153 2155 iactabatur
1176 2082 1324 2167 Optatos
1352 2102 1427 2150 cunr

270 2188 340 2272 eius
363 2190 531 2254 accusator
553 2194 640 2255 esset
661 2176 915 2256 totius‘bfricue
940 2184 1081 2274 gemitus
1110 2189 1428 2275 congemescentibus
1452 2260 1457 2273 ⁸

222 2310 225 2315 ·
269 2294 375 2372 uobis,
400 2295 428 2360 ri
450 2298 557 2362 tamen
583 2297 657 2363 tulis
681 2316 726 2375 es,
751 2286 878 2380 qualem
900 2301 934 2386 to
958 2295 1121 2382 praedicet
1143 2298 1238 2375 sams,
1262 2296 1348 2380 quod
1365 2297 1429 2362 scit

254 2400 349 2489 deus
369 2419 419 2467 me
438 2405 471 2468 et
493 2402 620 2469 credere
645 2405 677 2468 et
700 2403 795 2482 uelle,
814 2440 859 2450 -
877 2422 939 2471 non
959 2422 1034 2488 ergo
1053 2403 1324 2485 reprehendimus,
1343 2403 1371 2468 si
1390 2421 1429 2467 eo

271 2509 423 2589 ternpore,
455 2528 494 2573 ne
522 2510 643 2576 multos
671 2527 782 2583 secum
810 2510 1101 2576 excommunicatos
1125 2510 1267 2576 traheret
1288 2513 1321 2574 et
1343 2527 1431 2575 conr·
1449 2536 1481 2572 eo

271 2613 453 2679 munionem
476 2617 617 2689 uestram
642 2615 827 2682 schismatis
850 2615 955 2682 furore
978 2614 1185 2699 praecideret,
1210 2634 1281 2681 euni
1306 2606 1430 2680 ercom-

271 2708 431 2786 mnnicere
462 2720 625 2799 noluistis.
658 2722 715 2787 sed
742 2723 804 2787 boo
831 2706 938 2805 ipsum
966 2724 1027 2801 est,
1056 2720 1143 2805 qood
1169 2740 1229 2787 uos
1257 2720 1364 2806 arguit
1395 2721 1428 2786 in
1521 2790 1526 2811 ,

270 2825 389 2892 iudicio
412 2826 473 2905 dei,
497 2827 595 2892 nster
617 2827 769 2906 intente,
792 2827 878 2910 quia,
903 2847 977 2894 cum
1004 2827 1158 2893 uideretis
1181 2830 1248 2892 tam
1276 2845 1427 2912 magnum

271 2933 392 2999 malim
415 2950 486 2999 esse
508 2916 611 2999 diuidi
633 2936 756 3018 penora
779 2934 908 3013 Donati,
932 2936 971 2999 ut
993 2931 1131 3016 Optatus
1155 2934 1265 3018 potius
1287 2925 1429 3001 incom-

271 3037 421 3123 munione
451 3040 637 3107 tolerandus
668 3040 914 3136 eristimsretur,
947 3059 1043 3124 qnam
1076 3039 1158 3105 illud
1196 3038 1428 3105 admitteretur,
1449 3064 1478 3102 ss

1047 3178 1057 3224 Ι

362 3261 494 3321 ldNum.
515 3266 557 3330 16,
576 3265 683 3322 27-35

308 3386 782 3457 tenueramus(te.cp.m.2)d1
843 3389 956 3443 onos·
976 3391 1004 3453 (n
1024 3388 1107 3457 eros.)
1125 3386 1162 3441 Μ
1228 3386 1380 3441 8heresim
1398 3385 1427 3440 B

272 3476 333 3533 eds.
423 3476 587 3539 discimus
610 3492 667 3532 ros.
690 3476 796 3532 facinus
819 3476 848 3532 P
952 3477 1068 3547 legesse‚
1092 3491 1161 3531 corr.
1185 3479 1247 3530 nal
1268 3473 1368 3544 legisse
1391 3473 1429 3527 Μ

273 3568 308 3624 12
326 3566 468 3631 existente,
486 3568 552 3620 aas
570 3568 684 3622 exeunte
702 3565 731 3621 P
801 3564 903 3635 scelos}
923 3565 1037 3621 celerius
1053 3568 1078 3618 A
1130 3564 1165 3618 14
1181 3562 1426 3634 patientissimis

266 3656 373 3727 fiaes.
392 3671 453 3719 om„
472 3660 535 3711 sal
550 3653 583 3709 e·
601 3670 687 3726 marg.
708 3652 774 3710 odd.
792 3653 832 3709 Μ
835 3666 838 3671 ’
937 3653 1018 3724 quale
1035 3653 1099 3707 Per
1204 3654 1329 3707 reseroet
1346 3652 1374 3705 et
1390 3650 1430 3705 M

274 3742 660 3815 lopotcntio1iaotanrtazt
752 3744 785 3799 17
804 3746 978 3798 sccusstores
993 3740 1043 3796 sed
1060 3741 1149 3796 totins
1165 3739 1257 3796 MFA
1329 3755 1425 3811 geum

272 3831 485 3904 gemiscentibns
502 3832 531 3889 B
571 3858 593 3881 ι·
623 3832 656 3887 18
674 3831 795 3902 qudem]
815 3831 903 3903 qualis
921 3830 960 3886 Μ
1047 3831 1083 3885 20
1105 3846 1140 3884 ne
1159 3830 1191 3884 in
1204 3827 1266 3897 fise
1281 3843 1311 3881 rc.
1328 3842 1381 3881 ors.
1399 3826 1429 3881 P

308 3921 559 3987 excommunicatos,
574 3908 644 3977 cotr.
654 3925 719 3977 sal
732 3919 980 3976 excommunicatus
994 3918 1023 3974 R
1037 3917 1284 3981 excommunicatus
1297 3914 1392 3983 Pr‘lor,
1400 3932 1424 3967 ss

272 4011 305 4068 21
325 4013 446 4070 uerbum
464 4011 503 4076 (m
520 4007 766 4077 iaros.sr.1)F
804 4008 839 4063 28
858 4001 904 4063 dei
921 4007 1029 4078 infisus
1045 4023 1073 4061 u.
1093 4022 1145 4062 om.
1163 4007 1191 4061 R
1246 4001 1424 4074 qoodstrsr

307 4098 433 4155 sideritis
449 4101 478 4158 B
554 4100 590 4153 24
609 4097 824 4154 communionem
844 4095 986 4152 ceddae
1061 4093 1317 4151 committeretur
1333 4089 1426 4146 MFA

273 4168 488 4247 amitteretur?
