3309 4867
606 383 873 455 epistularum
900 379 1000 438 CVIII.
1312 388 1375 453 617

156 577 178 642 ti
269 575 376 643 llinito
398 579 450 642 est
471 594 580 654 oanan,
606 576 704 642 irater
726 576 883 653 liuorobi3
913 577 993 644 deus
1020 579 1081 644 hoe
1105 578 1181 663 ogit,
1209 579 1288 646 deus
1315 580 1377 648 hoo

225 683 344 766 uoluit;
377 683 523 750 neeultse
555 683 645 749 illius
677 684 896 765 prouidentiae
927 684 1001 760 fuit,
1033 687 1079 750 ut'
1093 684 1126 749 in
1155 705 1253 753 causo
1278 686 1378 752 Meri·

225 788 323 855 misni
359 790 526 872 speculum
563 789 657 860 uobis
694 790 899 858 correctionis
935 791 1166 875 propinaretur,
1203 794 1242 857 ut
1272 794 1376 859 omnis

226 894 397 961 aduersum
428 914 498 976 nos,
529 896 629 961 immo
662 896 818 961 aduersus
847 894 966 962 Christi
998 896 1166 962 ooolosiam
1197 902 1267 965 toto
1300 900 1376 965 orbs

194 1006 421 1070 oeresoentom
449 1021 511 1068 non
539 1003 611 1068 dieo
638 1009 758 1080 uestra,
790 1021 830 1089 ne
857 1004 889 1068 in
917 1007 950 1069 te
977 1004 1087 1069 uideor
1114 1004 1376 1084 contumeliosus,

226 1108 283 1173 see
311 1113 396 1173 uerte
423 1111 604 1174 uestrorum
630 1109 799 1174 criminose
822 1110 983 1175 columnia
1009 1107 1162 1176 iuuetur.
1190 1110 1269 1176 nihil
1292 1110 1377 1177 eninr
1477 1103 1478 1116 ¹

225 1215 379 1282 remansit
392 1216 518 1280 omnino
534 1234 653 1295 eorum,
674 1234 755 1299 quse
769 1219 880 1281 eontra
896 1235 955 1281 nos
974 1219 1138 1300 tamquam
1153 1217 1192 1282 de
1211 1217 1377 1302 seripturis

227 1320 265 1385 ab
298 1320 481 1386 hominibus
509 1340 571 1387 non
598 1321 862 1406 intellegentibus
889 1320 1023 1406 proferri
1051 1324 1166 1389 solent.
1198 1341 1271 1389 nern
1300 1322 1377 1388 hese

227 1426 343 1497 habere
369 1428 401 1492 in
425 1445 479 1492 ore
503 1431 751 1494 oonsueuorunt:
774 1428 830 1493 Ab
854 1447 957 1511 aquo
980 1428 1114 1496 aliena
1135 1429 1298 1494 nostine
1321 1432 1375 1504 ts;

182 1559 208 1598 ro
227 1533 283 1599 sel
305 1533 527 1618 respondetur:
551 1533 621 1599 Non
642 1537 693 1599 est
715 1553 798 1617 aqua
820 1535 936 1612 alieno,
960 1535 1108 1617 quamuis
1132 1535 1229 1600 sitin
1253 1535 1377 1613 olienis,

227 1642 313 1707 siout
334 1658 393 1705 nee
412 1659 495 1724 aqna
516 1640 573 1706 illa
590 1640 773 1705 Maximiani
797 1640 870 1718 fuit,
894 1641 1054 1707 undenos
1078 1660 1140 1706 non
1164 1641 1376 1708 abstinuistis.

226 1741 305 1813 itern
340 1747 528 1835 proponitur
563 1748 668 1814 nobis:
706 1747 821 1814 Faoti
864 1751 959 1814 sunt
994 1746 1093 1812 milri
1130 1749 1241 1813 sieut
1276 1766 1377 1832 aquo

227 1853 393 1919 mendax
416 1854 667 1920 non-hebens
690 1853 828 1928 iidem
849 1852 906 1918 sed
924 1852 1146 1936 respondetur:
1165 1849 1235 1918 Hoo
1254 1852 1376 1919 dietum

228 1960 278 2026 ost
305 1960 345 2027 de
371 1959 456 2025 fietis
483 1959 665 2026 hominibus
694 1978 755 2025 non
778 1959 1011 2043 pertinentibus
1034 1957 1074 2024 al
1098 1958 1149 2024 dei
1172 1962 1378 2035 seeromentn,

181 2084 308 2149 requae
334 2086 394 2133 neo
419 2068 451 2131 in
479 2065 686 2131 mendacibus
709 2069 845 2149 possunt
867 2083 939 2131 esse
962 2064 1137 2131 mendonis
1165 2084 1237 2130 narn
1266 2065 1376 2147 utique

227 2171 394 2238 menduces
416 2172 556 2250 fuerunt,
580 2174 635 2256 qui
654 2171 861 2250 Primisnum,
885 2173 971 2237 siout
992 2172 1055 2254 ipsi
1076 2171 1262 2253 perhibetis,
1285 2170 1379 2236 falsis

226 2279 412 2344 oriminibus
430 2278 669 2356 damnauerunt,
693 2296 751 2343 neo
773 2282 880 2344 tamen
904 2296 987 2360 aqua
1008 2277 1141 2344 monim
1163 2263 1235 2356 fuit,
1258 2277 1290 2341 in
1314 2295 1377 2361 qus

100 2403 102 2410 ⁴
228 2384 365 2468 separati
387 2404 408 2449 s
428 2384 533 2461 uobis,
563 2403 643 2467 quos
666 2388 849 2469 potnerunt,
869 2371 1128 2467 laptinsnerunt.
1156 2404 1228 2450 narn
1253 2383 1376 2467 quando

227 2509 297 2555 earn
315 2492 347 2556 in
366 2491 428 2568 his,
447 2510 528 2574 quos
542 2491 723 2557 Felieianus
742 2495 775 2554 et
789 2491 1010 2556 Praetertutus
1028 2490 1104 2556 ioris
1123 2490 1377 2574 baptisatorum,

182 2624 211 2664 so
228 2596 429 2681 suscepistis,
467 2598 562 2662 etism
599 2598 632 2663 in
669 2596 875 2663 mendacibus
907 2615 1051 2662 ueraoem
1084 2596 1186 2662 fuisse
1220 2595 1378 2663 sensistis.

228 2704 415 2786 proponitur
437 2703 544 2769 nobis:
569 2701 647 2783 Qui
673 2703 913 2787 baptizatur
935 2707 1147 2780 emortuo,
1176 2689 1272 2787 quid
1293 2723 1378 2787 pro*

228 2808 321 2875 dest
352 2811 563 2876 laneorum
595 2810 709 2875 eius?
729 2810 965 2892 respondetur:
989 2808 1023 2875 si
1056 2809 1117 2876 hoe
1148 2808 1187 2874 ‹ls
1218 2810 1378 2893 baptismo

230 2916 386 3000 seriptum
405 2918 465 2993 est
488 2935 551 2998 quo
568 2916 736 2997 baptizent
753 2914 811 2993 illi,
837 2933 917 2998 quos
936 2919 1098 2998 tarnqunm
1122 2920 1265 2986 mertuos
1284 2915 1380 2981 eiooit

230 3023 375 3102 enclesis,
394 3041 456 3087 non
480 3022 560 3087 dixit
581 3020 643 3087 hoo
664 3021 830 3087 leuaorunr
854 3041 915 3087 non
940 3040 1020 3100 esse,
1041 3020 1097 3088 sod
1115 3021 1195 3086 nihil
1218 3021 1379 3104 prodesse,

182 3154 210 3198 ss
230 3128 315 3212 quoe
346 3132 379 3194 et
413 3147 472 3194 nos
504 3126 652 3194 (linimus.
689 3146 802 3193 uerum
839 3131 946 3194 tamen
979 3127 1103 3211 quando
1135 3146 1207 3192 enm
1244 3127 1302 3193 illo
1339 3126 1379 3192 ool

230 3235 396 3301 eeclesiam
419 3234 552 3314 uenerit,
577 3234 664 3318 quod
686 3233 764 3300 ioris
788 3234 906 3314 obemt,
935 3235 1023 3299 intus
1046 3233 1196 3317 proderit,
1219 3253 1280 3300 non
1305 3253 1378 3299 ourn

229 3341 299 3424 ipss
320 3341 476 3425 repetitur
497 3337 692 3424 baptismus
714 3339 771 3406 sed
794 3359 868 3406 oum
887 3339 1058 3423 corrigitur
1078 3339 1271 3424 baptizatus,
1293 3331 1380 3404 sieut

228 3448 456 3515 Maximianum
485 3452 518 3514 et
545 3448 651 3513 soeios
673 3447 744 3513 eius
767 3452 931 3529 tamquurn
959 3449 1102 3510 mortuos
1131 3463 1149 3509 a
1178 3448 1285 3511 uestra
1301 3455 1380 3509 'eon-

318 3687 681 3762 eesptnrguapoope,
708 3690 741 3746 18
869 3690 902 3745 12
927 3688 1003 3745 Hier.
1031 3689 1073 3752 15,
1100 3689 1134 3744 18
1240 3687 1273 3743 21
1296 3685 1379 3742 liceli.

229 3781 274 3842 34.
294 3780 329 3834 30

267 3924 280 3976 i
301 3920 431 3977 macrobii
450 3919 478 3973 P
537 3921 555 3976 8
574 3920 753 3991 surreptionis
771 3918 800 3973 P
868 3922 1066 3991 proponeretur
1081 3933 1133 3972 rer
1195 3916 1305 3971 lorbis
1327 3915 1383 3970 Vr}

230 4017 256 4064 et
274 4008 342 4063 odd.
360 4011 392 4063 iss
408 4023 497 4078 usurp.
515 4009 676 4064 weieewo
694 4008 759 4063 orbe
778 4008 813 4062 ir
902 4009 919 4063 5
938 4010 1076 4062 monento
1095 4005 1123 4059 P
1217 4009 1336 4059 uestram
1355 4004 1382 4057 P

230 4098 468 4168 ilsbaqusl’
566 4096 736 4166 lquutP
837 4091 1046 4152 linitemP
1142 4091 1380 4148 seotVUeea.

230 4187 264 4241 21
284 4184 327 4239 111
345 4185 507 4257 proponitur
525 4184 554 4239 P
622 4184 746 4255 prodest]
767 4189 811 4240 est
828 4201 877 4256 pro
895 4184 924 4239 P
941 4187 984 4239 est
999 4199 1049 4255 per
1071 4180 1128 4237 Vll
1143 4180 1201 4237 lsr
1288 4180 1325 4234 22
1343 4180 1379 4249 si]

232 4271 281 4328 ssd
304 4271 425 4328 VUisr
