3309 4867
321 328 387 393 616
679 323 706 376 S.
734 321 875 376 Aureli
901 322 1122 393 Augustini

322 519 450 586 natione
484 517 645 583 coniuncti
684 520 770 595 sunt,
808 517 924 582 ceteris
961 521 1079 593 autem,
1117 529 1157 583 ne
1193 518 1291 584 nimia
1324 519 1478 603 praecisio

321 625 422 702 fieret,
457 625 652 707 praestituto
690 622 741 688 die
777 623 931 690 redeundi
964 627 1015 693 est
1045 642 1198 690 concessa
1229 623 1341 691 dilatio
1377 625 1478 691 eolnis

322 732 391 797 suis
422 731 608 807 honoribus,
638 729 666 795 si
694 730 777 795 intra
805 731 960 814 temporie
988 731 1160 798 terminum
1187 736 1393 799 remeassent.
1419 752 1477 798 nec

323 837 500 903 timuemnt
535 836 671 901 trecenti
702 838 735 902 et
765 836 877 903 decem
914 836 954 902 ad
992 856 1086 903 suurn
1120 837 1293 924 collegium
1329 857 1477 904 moneare

323 943 412 1006 tanto
443 937 630 1007 Maximiani
663 941 832 1027 sacrilegio
865 945 1032 1009 accusatos
1069 944 1230 1011 intuentes
1261 943 1356 1025 ferte,
1391 944 1476 1028 quod
1505 965 1518 1007 a

327 1048 482 1131 scriptum
520 1050 586 1113 est:
619 1047 781 1113 Caritas
819 1048 1008 1132 cooperit
1043 1047 1356 1116 multitudinem
1391 1069 1476 1134 pec·

218 1241 222 1250 ⁸
326 1158 514 1219 catonum.
538 1154 622 1236 qnia,
647 1158 685 1218 nt
707 1165 740 1219 et
766 1155 972 1237 permittatur
999 1160 1126 1239 tempus
1150 1156 1313 1223 dilationis
1316 1205 1475 1233 .......

328 1308 958 1329 ..........................
963 1311 972 1342 ,
990 1263 1068 1329 feris
1092 1282 1111 1329 a
1132 1267 1241 1328 uestm
1258 1263 1477 1329 communione

326 1355 581 1450 baptirauernnt,
610 1387 829 1451 quoscumque
850 1368 1018 1454 baptizare
1041 1373 1229 1454 potuerunt3
1259 1389 1362 1453 neque
1385 1371 1477 1446 enim,

329 1473 406 1538 loris
439 1473 502 1538 nisi
533 1474 683 1552 fuissent,
716 1475 870 1541 dilatione
902 1495 1054 1542 concessa
1084 1477 1213 1543 inuitari
1250 1481 1408 1562 poterant,
1444 1482 1480 1541 ot
1496 1497 1519 1534 ro

327 1580 473 1647 redirent.
509 1580 623 1646 deinde
655 1584 689 1645 et
720 1584 804 1660 ante,
838 1601 934 1665 quum
962 1582 1074 1650 dilatio
1107 1583 1261 1659 liniretur,
1295 1588 1328 1648 et
1358 1589 1479 1667 postea,

328 1704 424 1770 qnam
451 1684 542 1751 linita
564 1689 625 1766 est,
653 1686 702 1752 illi
726 1687 895 1755 dnonecim
920 1708 994 1756 cnm
1017 1690 1210 1756 Maximiano
1234 1691 1375 1756 damnati
1398 1689 1480 1774 apud
1535 1765 1541 1776 ,

326 1799 394 1859 tres
417 1798 474 1859 unt
494 1794 635 1877 amplius
658 1795 864 1876 proconsules
889 1797 1030 1862 accusati
1054 1801 1139 1874 sunt,
1163 1800 1201 1861 ut
1223 1816 1240 1861 e
1264 1795 1394 1861 sedibus
1413 1798 1479 1862 suis

327 1899 494 1966 iudiciario
522 1899 633 1984 uigore
661 1901 830 1983 pellantur.
854 1902 1040 1985 intorques
1068 1906 1136 1968 erat
1161 1902 1342 1991 Felicianue
1368 1902 1481 1969 Musti·
1512 1971 1514 1974 ,

328 2010 435 2084 mous,
464 2005 503 2072 de
531 2024 595 2089 qno
622 2025 706 2072 nunc
734 2026 806 2092 ago,
841 2013 874 2076 et
900 2008 1120 2075 Praetextatus
1147 2008 1358 2075 Aesuritanus
1385 2027 1482 2092 nupm
1497 2026 1521 2066 ιδ

330 2111 510 2190 defunctus,
538 2112 570 2177 in
595 2113 688 2179 cuius
711 2112 855 2179 damnati
882 2115 953 2180 loco
981 2115 1060 2180 alter
1088 2116 1153 2180 iam
1181 2114 1286 2181 luerat
1309 2115 1481 2181 ordinatus.

332 2238 411 2302 quos
439 2218 520 2284 dnos
549 2239 610 2284 non
640 2238 723 2284 nnus
747 2219 927 2286 Primianus
956 2221 1012 2286 scd
1040 2221 1137 2290 multi
1164 2221 1346 2304 coepiscopi
1372 2222 1483 2298 uestri,

331 2343 404 2390 curn
423 2324 680 2406 frequentissima
699 2326 928 2391 numerositrite
942 2327 1194 2412 Tamngadensis
1208 2325 1320 2410 Optati
1337 2327 1485 2393 natalicia

332 2431 536 2506 celebrarent,
575 2435 651 2512 post
687 2449 796 2502 eorum
834 2432 902 2497 sine
940 2431 1092 2497 dilatione
1128 2431 1375 2512 damnationem,
1412 2437 1486 2515 post

333 2537 543 2615 terminatam,
573 2555 654 2621 qnae
678 2538 791 2603 ceteris
816 2539 891 2603 data
921 2538 1036 2616 luerat,
1061 2537 1257 2614 dilationem,
1285 2542 1360 2621 post
1382 2537 1486 2604 diuul-
1502 2557 1527 2597 eo

333 2647 440 2727 gatam
469 2643 588 2708 forensi
612 2644 708 2708 etiam
737 2645 876 2729 strepitu
899 2646 982 2727 apod
1006 2647 1057 2709 tot
1079 2644 1227 2711 consules
1250 2642 1485 2709 accusationem

333 2750 365 2814 in
388 2749 561 2815 honoribus
585 2749 719 2834 integris
743 2758 955 2835 susceperunt
973 2756 1006 2816 et
1027 2755 1103 2840 post
1121 2769 1176 2816 ees
1200 2750 1326 2816 nullum
1349 2750 1486 2834 baptisa-

333 2859 459 2920 uerunt.
497 2855 524 2920 si
562 2855 638 2920 huic
675 2856 844 2922 assertioni
876 2856 1038 2922 resistitur
1071 2858 1125 2922 uel
1159 2856 1274 2922 horum
1306 2855 1428 2942 aliquid
1460 2857 1487 2921 si

334 2964 478 3045 negatur,
525 2962 668 3046 periculo
710 2962 915 3046 episcopatus
958 2964 1020 3029 mei
1063 2963 1170 3048 erigar
1213 2963 1358 3047 probare,
1404 2959 1489 3046 qnod

334 3065 457 3149 loquer.
1503 3087 1528 3128 ro

427 3279 443 3331 6
463 3275 476 3329 1
494 3277 568 3331 Petr.
587 3279 614 3331 4.
633 3278 649 3330 8

373 3416 481 3469 3intru
500 3417 530 3469 in
548 3431 635 3486 muro.
659 3413 686 3471 U
755 3418 902 3471 terminum
920 3416 1053 3486 temporie
1077 3415 1131 3468 l'U
1148 3415 1207 3470 eac.
1268 3414 1489 3471 enormem?

374 3505 458 3558 sortes
477 3504 503 3559 U
547 3505 564 3558 'l
583 3506 649 3574 quia
666 3511 756 3559 autern
776 3508 806 3559 et
823 3507 1000 3573 permittatur
1012 3509 1120 3575 tempus
1135 3504 1276 3559 dilationis
1288 3505 1356 3558 loris
1368 3522 1386 3559 a
1398 3508 1488 3560 uuus

338 3594 527 3648 communione
545 3592 755 3664 baptizarerunt
776 3593 896 3650 VUler
914 3594 1013 3663 quibua
1032 3596 1123 3647 autem
1142 3597 1185 3647 est
1201 3594 1363 3664 permissam
1382 3597 1487 3664 tempus

339 3681 478 3735 dilafionia
492 3682 558 3736 loris
569 3699 585 3735 a
595 3685 686 3736 uestra
700 3682 888 3736 communione
902 3683 1113 3753 baptizaretunt
1122 3698 1164 3747 m,·
1175 3681 1308 3735 lacunosa
1320 3681 1487 3750 munificati.

339 3768 470 3824 eccidisse
487 3772 560 3825 enim
578 3770 689 3824 aiddu
706 3770 772 3825 ioris
790 3787 807 3825 a
825 3775 919 3827 nestra
937 3770 1124 3830 communione
1143 3786 1189 3823 ece
1211 3767 1297 3823 fuisse
1318 3784 1429 3824 necuere
1447 3774 1489 3823 eat

341 3860 374 3912 10
392 3856 457 3912 ross
475 3859 539 3928 men
560 3861 584 3913 n
602 3856 668 3914 rora
686 3839 855 3914 nmium
873 3859 939 3914 rore
963 3858 1095 3914 resec.
1166 3853 1315 3912 amiens
1405 3856 1438 3912 re
1475 3862 1489 3911 a

339 3949 372 4001 iro
384 3947 447 4016 flue
461 3964 489 4001 a.
509 3964 560 4003 om.
580 3949 609 4002 P
690 3950 723 4003 14
741 3948 952 4020 pellerenturaa
1030 3949 1064 4003 15
1082 3946 1117 4001 de
1135 3961 1261 4020 quonon
1281 3961 1333 4015 ago
1356 3945 1412 4002 VU
1427 3945 1488 4001 edri

341 4036 534 4091 ariditatem
555 4038 805 4092 coniectarenunc
883 4037 917 4092 17
937 4036 1057 4108 episcopi
1081 4034 1108 4089 U
1178 4033 1212 4090 18
1231 4037 1329 4107 optutu
1346 4033 1425 4091 codd
1444 4033 1488 4102 lc,·

340 4126 376 4193 ff.
395 4126 467 4195 Aac.
486 4134 586 4180 contro
601 4127 657 4180 ure.
676 4125 815 4181 Petiliunr'
833 4125 873 4180 H
890 4129 929 4181 63
983 4124 1019 4180 20
1036 4122 1098 4190 fuit.
1117 4120 1346 4180 commorati!
1402 4120 1489 4177 diuul-

341 4229 408 4285 gata
426 4215 502 4269 codd.
523 4223 549 4268 et
567 4214 634 4271 cdd.
652 4216 684 4269 ie
701 4197 797 4286 maros
808 4215 967 4271 corworo
986 4212 1156 4283 dinrrlgatam
1176 4212 1211 4266 lr
1278 4211 1313 4270 22
1332 4211 1356 4265 it
1374 4211 1446 4281 egris
1463 4209 1492 4265 P
