3309 4867
592 409 855 479 epistularum
883 408 967 464 nnn.
997 408 1094 463 nuru.
1333 395 1421 479 '227

269 511 403 672 sunsei.
438 621 510 668 ecoe
543 604 647 670 adhuc
680 604 783 685 doleo,
816 605 963 688 quamuis
997 605 1059 670 iam
1093 604 1132 670 ad
1160 608 1193 670 te
1220 604 1357 682 redierit,
1386 607 1418 672 in

269 725 331 791 quo
353 726 414 773 nos
436 710 518 777 tuae
532 711 693 776 uoluntati
715 712 861 793 paruisse
884 729 946 776 non
970 710 1121 795 paenitet.
1309 775 1310 778 ,

176 814 199 878 2
312 812 396 878 Audi
424 813 533 900 etium,
559 816 636 899 quid
664 816 871 901 obiurgando,
900 817 977 898 quid
1003 816 1172 897 mouendo,
1201 816 1279 901 quid
1301 817 1418 884 orando

271 919 494 986 correxerimus
526 925 559 986 et
590 925 672 1001 ante,
696 941 791 1005 quam
825 923 898 987 hino
930 926 1026 989 esset*
1047 922 1221 1006 profectus,
1248 941 1299 994 ue·
1315 922 1419 989 adhuc

238 1026 328 1092 stibi
351 1030 518 1110 propterea
544 1027 693 1093 uideatur
721 1028 799 1092 nibil
828 1048 846 1093 a
873 1029 966 1095 nobis
992 1034 1069 1094 tunc
1095 1028 1203 1096 fuisse
1230 1033 1418 1107 correctum,

270 1133 344 1218 quia
374 1133 515 1199 nondum
546 1134 586 1199 ad
616 1153 676 1200 uos
709 1134 778 1216 ipse
809 1134 955 1201 redieret
993 1134 1187 1220 obiurgando
1226 1135 1418 1202 correximus

269 1239 369 1321 primo
392 1239 515 1324 ipsum,
534 1240 587 1323 qui
610 1239 670 1321 titi
697 1259 758 1306 non
787 1240 1028 1324 obtemperauit,
1056 1242 1094 1304 ut
1116 1239 1296 1306 inconsulto
1320 1239 1416 1304 fratre

270 1343 460 1434 Caroedonio
493 1345 545 1411 sd*
564 1348 659 1411 tuam
686 1346 888 1414 sanctitatem
921 1350 992 1411 ante
1028 1345 1291 1429 proficisceretur,
1333 1345 1418 1411 unde

270 1451 356 1536 origo
388 1450 485 1517 huius
518 1458 643 1526 noemae
671 1453 887 1520 tribulationie
916 1457 1023 1520 exorte
1050 1455 1114 1529 est3
1148 1452 1259 1518 deinde
1288 1452 1417 1537 presby-

223 1560 372 1624 soterum
404 1562 438 1623 ct
464 1557 629 1638 Verinum,
660 1579 717 1643 per
749 1577 840 1644 quos,
874 1563 911 1625 ut
944 1559 1148 1636 ordinaretur,
1186 1559 1308 1625 tactum
1329 1577 1416 1624 esee

268 1663 490 1747 comperimus.
514 1651 593 1731 cum
611 1667 695 1732 enim
714 1686 823 1733 omnes
841 1666 1091 1760 obiurgantibus¹
1105 1665 1196 1731 nobis
1216 1665 1293 1732 haec
1311 1664 1417 1731 omnia

268 1788 328 1837 non
356 1774 442 1836 recte
469 1770 555 1837 facta
584 1792 653 1839 esse
683 1773 819 1839 confessi
848 1776 924 1839 sunt
952 1776 994 1851 et,
1022 1776 1060 1838 ut
1091 1772 1154 1837 eibi
1184 1773 1414 1857 ignosceretur,

266 1879 469 1961 rogauerunt,
492 1877 587 1942 nimis
605 1879 756 1961 superbe,
781 1879 809 1944 si
831 1898 893 1945 non
918 1879 1117 1944 crederemus
1146 1897 1216 1954 esee
1245 1882 1414 1943 correctos.

267 1983 476 2065 nequeenim
490 2002 592 2068 agere
614 1989 771 2068 poterant,
795 1989 833 2050 ut
854 1987 939 2052 tecta
962 2005 1024 2052 non
1048 1988 1169 2061 essent3
1195 1984 1251 2051 sed
1274 2004 1331 2049 neo
1355 2003 1412 2051 nos

221 2110 248 2150 re
267 2089 355 2154 uliud
377 2089 573 2173 ohiurgsndo
598 2090 781 2176 egebamus,
804 2092 867 2156 nisi
890 2096 928 2157 ut
951 2111 986 2157 se
1008 2091 1090 2157 male
1114 2090 1220 2177 egisse
1243 2089 1419 2175 cognosce--

265 2198 335 2260 rant
366 2199 400 2261 et
431 2195 581 2266 dolerent.
601 2198 771 2263 *mouendo
803 2203 910 2264 autem
942 2199 1133 2264 correximus
1160 2198 1262 2281 primo
1291 2217 1412 2274 omnes,

266 2304 304 2366 ut
335 2301 484 2385 deinceps
487 2303 593 2380 „talia
625 2313 687 2369 uon
720 2303 881 2382 auderent,
914 2325 953 2369 ne
985 2306 1064 2370 iram
1097 2304 1149 2368 dei
1186 2304 1412 2388 experirentur,

266 2406 378 2473 deinde
413 2407 582 2492 praecipue
619 2408 834 2489 Timotheum,
872 2410 927 2494 qui
961 2411 1031 2478 sola
1049 2438 1051 2441 ⁴
1066 2409 1222 2480 iuratione
1264 2429 1298 2482 se
1339 2407 1412 2492 cogi

266 2512 391 2580 dicebat
413 2512 453 2578 ad
476 2516 566 2579 tuam
582 2533 719 2606 ‚pergere
743 2516 918 2593 caritatem,
942 2520 989 2594 ut,
1013 2517 1041 2581 si
1065 2515 1217 2581 sanctitas
1240 2518 1306 2593 tua,
1326 2499 1411 2598 quod

219 2641 246 2681 no
265 2619 331 2684 sore
363 2620 578 2704 sperabamus,
612 2620 824 2700 considerans,
858 2641 939 2705 quae
975 2621 1072 2688 simul
1108 2622 1208 2687 locuti
1244 2621 1411 2700 fuerimus,

264 2728 392 2816 propter
417 2725 613 2791 infirmorum
640 2725 835 2804 scandalum,
863 2747 919 2811 pro
948 2727 1064 2812 quibus
1088 2727 1234 2794 Christus
1264 2731 1410 2793 mortuus

265 2835 325 2910 cst,
353 2834 385 2896 et
410 2829 539 2917 proptor
567 2833 720 2899 ecclesiae
749 2832 959 2915 disciplinam,
985 2853 1078 2917 quam
1102 2833 1279 2917 periculose
1302 2833 1410 2917 negle-

264 2940 355 3022 gunt,
377 2938 526 3022 quoniam
550 2939 602 3005 hic
624 2940 689 3024 iam
711 2940 813 3004 leotor
835 2957 905 3005 esse
929 2944 1085 3024 co'operut,
1110 2939 1213 3005 nolles
1236 2959 1308 3005 eum
1337 2958 1408 3006 osec
1437 2935 1440 2939 ’

262 3048 381 3121 tecum,
408 3045 474 3110 iam
500 3044 580 3111 liber
607 3066 626 3112 s
654 3047 784 3114 uinculo
813 3046 979 3112 iurationis
1004 3046 1198 3129 aequissimo
1221 3046 1324 3111 animo
1349 3045 1407 3112 deo

215 3174 244 3214 es
262 3150 406 3230 cumiret,
439 3152 492 3224 cui
524 3171 636 3218 sumus
667 3147 822 3219 'r'etionem
860 3156 1039 3218 nostrorum
1077 3156 1206 3221 actuum
1242 3151 1407 3217 reddituri.

262 3256 368 3340 ipsum
413 3273 539 3342 quoque
584 3259 712 3324 fratrem
756 3258 995 3333 carcedonium,
1038 3262 1191 3341 quantum
1231 3257 1406 3340 potuimus,

261 3362 416 3429 mouendo
449 3362 488 3428 ed
519 3364 579 3430 hoc
610 3357 867 3448 perduxeramus,
895 3369 933 3430 ut
957 3365 1056 3429 etiam
1082 3364 1151 3447 ipsc
1175 3363 1407 3446 patientissime

261 3468 426 3551 reciperet,
467 3469 617 3554 quicquid
653 3471 692 3536 dc
723 3470 779 3536 illo
812 3470 879 3536 fieri
913 3466 1145 3558 consumendae
1174 3469 1407 3534 ecclesiasticae

262 3574 448 3658 disciplinae
472 3577 610 3659 prouisid
635 3580 668 3642 et
690 3577 864 3642 necessitas
884 3580 1021 3661 cogeret.
1045 3573 1161 3641 orando
1181 3576 1286 3639 autem
1307 3593 1406 3642 corre·

212 3700 403 3748 sereremus
427 3699 485 3746 nos
508 3682 605 3768 ipsos,
629 3686 667 3748 ut
690 3685 722 3748 et
745 3683 991 3767 gubernationes
1015 3687 1047 3749 ot
1063 3682 1172 3749 exitus
1201 3680 1405 3746 consiliorum

295 3944 312 3995 5
330 3943 473 4011 propterea
492 3940 617 3996 uideatur
634 3941 687 3996 tibi
704 3941 730 3996 Y
747 3941 807 3995 edd.
862 3944 878 3996 6
894 3942 958 4012 quir
971 3940 1089 3998 nondum
1104 3941 1155 4004 bis,
1171 3941 1288 3995 alterum
1302 3957 1362 4010 esp.
1376 3939 1405 3994 R

259 4031 374 4103 9huius
392 4029 492 4087 om.T
581 4030 615 4084 13
633 4029 759 4101 superbe]
780 4030 895 4100 superbe
915 4047 1054 4101 ageremus
1073 4031 1133 4085 edd
1216 4031 1240 4083 si
1259 4031 1280 4098 (i
1297 4031 1329 4083 in
1346 4044 1404 4082 ros.

257 4113 571 4187 m.1,·fos'tmed?)R
615 4117 776 4188 =16et]ut
798 4117 853 4173 Π]
906 4120 940 4173 19
957 4123 1007 4173 tua
1025 4118 1127 4177 om.H
1180 4119 1216 4173 20
1233 4118 1304 4172 forte
1324 4117 1403 4171 codd.

257 4207 294 4261 22
311 4206 431 4278 periculo
450 4223 487 4270 se,
506 4221 575 4261 corr.
594 4205 792 4277 periculoseT
859 4208 892 4262 23
912 4206 998 4262 lector
1015 4209 1046 4261 in
1064 4208 1120 4274 fiae
1137 4224 1165 4261 ιι.
1185 4206 1284 4263 om.T
1352 4221 1403 4258 no·

256 4295 317 4350 lens
337 4294 391 4350 Vn
442 4295 478 4350 30
495 4299 647 4351 nostrorum
668 4295 841 4350 consiliorum
860 4296 921 4350 cdd.

1316 4397 1366 4454 15*
