3309 4867
312 360 379 425 676
671 358 699 413 8.
726 356 865 422 Aureli
888 355 1109 429 Augustiul

306 548 406 632 idque
432 550 540 634 ipsum
563 549 775 617 censueram
797 550 974 619 doctrinam
997 571 1069 619 ease
1093 551 1278 637 respondes,
1304 573 1400 637 quam
1426 557 1461 621 te

244 721 251 740 ⁵
308 655 459 722 omnibus
486 674 676 743 praeponere
701 657 855 736 nouimus
882 660 917 724 et
941 658 975 725 in
1004 678 1042 726 aa
1068 652 1138 725 sola
1160 676 1231 726 esse
1256 677 1461 744 praesumere

309 781 402 846 spem
425 762 538 829 salutis
561 765 718 842 aeternae,
741 780 803 830 non
827 781 910 848 opus
933 764 1036 830 sotei
1058 762 1239 849 cognitione
1261 763 1459 851 dialogorum

310 867 470 936 Ciceronis
498 873 532 935 et
554 867 742 935 collectione
762 868 1035 936 emendicatarum
1057 868 1308 938 discordantium
1334 862 1460 937 muten-

308 975 426 1041 tiaram
440 974 614 1040 adenarnm
631 975 795 1058 procurari
808 974 981 1045 auditores.
1000 975 1144 1042 moribus
1156 976 1223 1043 tuis
1240 976 1357 1044 intenti
1368 977 1458 1058 flunt,
1495 1003 1511 1042 r

309 1082 365 1167 qni
378 1081 436 1147 abs
450 1085 483 1147 te
501 1080 623 1170 ahquid
637 1083 702 1148 tale
716 1080 879 1164 accepturi
898 1084 984 1150 sunt
1002 1082 1077 1148 nolo
1095 1080 1184 1165 prius
1197 1077 1320 1167 aliquid
1332 1081 1459 1163 doceas,

308 1189 394 1272 quod
415 1187 642 1254 dediscendum
665 1190 726 1267 est
750 1190 788 1253 ut
810 1205 887 1252 uera
907 1186 1035 1256 doceas.

256 1293 298 1356 12
352 1294 435 1360 Nam
462 1294 491 1360 si
519 1293 693 1360 alienarum
720 1293 950 1360 sententiarum
977 1293 1202 1361 dissidentium
1224 1299 1258 1363 et
1283 1312 1460 1381 repugnen-

305 1401 390 1466 tium
404 1400 542 1486 cognitio
561 1399 683 1483 aliquid
695 1400 832 1466 adiuuat
847 1399 1076 1490 insinuatorem
1088 1400 1288 1468 'Christianae
1300 1402 1460 1479 uentutin

298 1491 346 1572 'ut
372 1508 506 1585 nouerit,
530 1525 593 1589 quo
621 1506 716 1573 modo
744 1506 951 1573 aduersautss
973 1505 1120 1574 destruat
1145 1508 1302 1598 falsitates
1331 1508 1371 1575 ad
1396 1508 1459 1574 hoc
1478 1535 1505 1576 rc

205 1629 212 1644 “
308 1615 386 1681 dum
403 1617 499 1692 taxat,
523 1634 561 1679 ne
585 1614 658 1696 quis
677 1615 787 1680 contra
804 1612 964 1682 disserens
982 1614 1110 1680 nonnisi
1130 1616 1165 1680 in
1188 1615 1370 1681 refellendis
1390 1615 1458 1681 tuis

307 1719 389 1806 rigat
410 1719 549 1799 nemum,
573 1740 633 1785 sua
653 1740 730 1788 uero
755 1719 868 1786 sedulo
887 1720 1040 1800 occultet,
1060 1739 1134 1786 nam
1152 1722 1292 1807 cognitio
1310 1720 1458 1787 ueritatis

309 1827 415 1893 omnia
440 1826 532 1906 falsa,
560 1826 588 1891 si
616 1827 710 1892 modo
737 1826 947 1909 proferantur,
971 1826 1068 1892 etiam
1092 1846 1173 1911 quse
1199 1827 1288 1912 prius
1315 1827 1459 1893 inaudita

235 2004 237 2007 ,
308 1937 407 2010 erant.
431 1935 465 1999 et
486 1931 659 1998 diiudicare
686 1936 719 1999 et
745 1933 932 2007 subuertere
958 1932 1072 2001 idonea
1095 1937 1155 2012 eet,
1178 1971 1222 1981 -
1245 1935 1313 2010 scd,
1335 1937 1456 2006 utnon

308 2036 413 2118 solum
450 2041 559 2119 aperta
595 2037 757 2118 feriantur,
795 2038 865 2105 ssd
883 2040 982 2106 etiam
1013 2039 1201 2108 abscondita
1231 2044 1391 2118 eruantur,
1426 2040 1502 2106 sire

309 2142 430 2209 alienos
457 2162 538 2229 opus
563 2147 618 2210 est
647 2163 839 2230 cognoscere
870 2163 1002 2225 errores,
1017 2147 1121 2232 -erige
1148 2146 1259 2214 oeulos
1290 2166 1456 2230 auresque,

309 2267 364 2315 oro
382 2251 427 2329 te,
450 2252 483 2315 et
505 2250 694 2334 niteatque
713 2252 871 2330 ausculta,
893 2246 1000 2320 utrum
1024 2251 1142 2335 aliquis
1164 2253 1319 2320 aduersus
1341 2272 1399 2319 nos
1416 2253 1457 2319 de

308 2356 501 2422 Anaximene
520 2359 558 2428 et
580 2357 619 2423 de
641 2358 828 2443 Anaxagora
853 2359 994 2442 proferat
1019 2347 1151 2443 aliquid,
1174 2359 1299 2443 quando
1326 2360 1390 2425 iarn
1416 2378 1457 2425 ns

308 2463 452 2545 ipsorum
480 2463 612 2545 quidem
649 2464 752 2530 multe
787 2464 1001 2533 recentiorum
1036 2464 1239 2548 multumque
1274 2465 1457 2548 loquacium

310 2567 490 2636 Stoicorum
508 2573 565 2635 aut
582 2571 809 2653 Epicureorum
831 2571 951 2637 cineres
970 2572 1105 2650 caleant,
1122 2571 1207 2637 unde
1225 2565 1333 2654 dnus
1347 2572 1460 2637 contm
1476 2595 1504 2638 so

309 2675 405 2741 fidam
433 2675 645 2743 Chnsdauam
673 2678 815 2743 scintilla
842 2678 997 2744 excitetur
1039 2677 1096 2744 scd
1123 2676 1236 2742 circuli
1263 2680 1360 2761 atque
1387 2694 1458 2742 eon·

228 2835 230 2840 .
310 2782 473 2848 nenticula
498 2783 615 2866 partim
640 2783 768 2875 nugacis
794 2784 911 2866 partim
935 2784 1031 2865 etiam
1054 2781 1217 2849 audaciter
1237 2786 1384 2868 prompta
1405 2782 1459 2848 nel

310 2888 550 2954 Donatistarum
568 2889 622 2954 uel
634 2888 931 2964 Maximianensium
945 2890 999 2956 uel
1014 2887 1270 2955 Manichaeorum
1283 2889 1458 2969 ueletiam,

311 2994 504 3078 adquorum
527 3013 642 3080 greges
664 2995 856 3079 turbareque
878 2998 1097 3076 maturasse,
1120 2994 1333 3074 Arriauornm,
1356 2993 1460 3060 Ilnno-

311 3102 497 3181 arianorum,
542 3102 853 3181 Macedonianum,
904 3102 1176 3186 cataphrygarum
1221 3105 1459 3184 ceterarumque
1474 3123 1503 3166 re

310 3209 451 3291 pestium
477 3207 750 3275 innumerabiliter
777 3211 986 3292 perstrepant.
1015 3226 1150 3292 quorum
1174 3208 1316 3298 omnium
1339 3224 1458 3273 errores
1539 3272 1543 3278 ,

311 3316 339 3381 si
362 3334 552 3399 cognoscere
574 3315 673 3400 piget,
697 3309 889 3398 quidnobis
912 3317 963 3380 est
984 3316 1113 3400 propter
1135 3312 1348 3394 defensionem
1371 3310 1459 3378 chri-

312 3421 433 3488 stianae
454 3421 618 3506 religionis
641 3440 802 3506 quaerere,
826 3419 903 3503 quid
926 3421 1063 3491 senserit
1083 3419 1302 3499 Anaximenes,
1327 3420 1361 3484 et
1380 3416 1458 3484 olim

349 3650 362 3703 l
383 3663 442 3702 esse
460 3646 611 3701 doctrinam
623 3645 692 3701 ΡΨ
764 3644 907 3716 respondis
924 3645 963 3700 M
1044 3648 1061 3702 5
1078 3646 1229 3718 procurari]
1240 3621 1420 3717 procuratum
1431 3642 1461 3696 P

295 3738 328 3790 ·7
348 3735 520 3791 ediscendum
537 3736 566 3789 A
611 3736 628 3790 9
647 3735 772 3789 ueritatis
791 3750 853 3797 oue..
870 3738 936 3789 onst
954 3734 1021 3790 aad.
1038 3734 1077 3790 Ρί
1132 3734 1166 3794 10
1184 3734 1309 3800 dietrunt,
1326 3735 1393 3790 esst
1409 3730 1458 3786 de·

311 3829 401 3880 struat
417 3824 455 3881 M
471 3823 615 3880 destruant
631 3824 660 3880 lt
731 3822 864 3881 salsitatis
881 3821 919 3876 M
975 3824 1006 3879 ll
1026 3822 1164 3886 radendis,
1180 3825 1247 3878 Μ
1263 3820 1419 3877 refellendis
1430 3820 1461 3873 P

313 3915 347 3969 13
365 3913 517 3983 proferatur
534 3913 571 3967 M
630 3913 665 3968 20
683 3914 869 3982 putareorum
885 3913 952 3966 er.2
970 3912 1155 3983 epicureorum
1173 3910 1202 3965 P
1258 3911 1291 3966 21
1312 3909 1372 3980 sed]
1389 3908 1414 3962 si
1430 3908 1458 3961 A

311 4005 350 4058 22
366 4002 472 4072 fugatis
488 3989 556 4057 ΜΡ
578 4005 657 4069 (Μ
678 4001 799 4071 fugacia)
821 4000 894 4056 ΡΨ
912 3999 1009 4070 iugata
1026 4003 1054 4056 A
1161 3999 1289 4054 audacter
1306 3997 1378 4053 ΡΨ
1398 3995 1458 4056 cdd.

312 4093 347 4147 23
365 4091 582 4152 maximiaueium
600 4089 628 4145 V
674 4089 723 4144 uel
740 4087 964 4168 Manichaeorum
981 4102 1033 4143 cue.
1047 4087 1115 4143 ΡΨ
1158 4088 1195 4145 24
1211 4086 1248 4142 ud
1265 4085 1389 4158 quorum]
1408 4085 1458 4140 ali·

313 4195 436 4249 quornm,
454 4195 522 4234 corr.
541 4184 603 4235 aad
621 4178 656 4233 ad
675 4194 788 4249 quorum
806 4176 844 4230 M
912 4193 1023 4248 gregem
1041 4176 1112 4231 ΡΨ
1162 4177 1197 4233 25
1217 4176 1403 4247 cstslngsrum
1420 4169 1460 4228 Ρ1

312 4268 515 4323 fflmmA
917 4281 918 4284 ’
