3309 4867
1195 318 1726 390 epistularum
1782 316 2044 372 Lxxxn.
2646 320 2773 381 375

470 514 852 581 humilitatis
919 511 1166 598 accepit
1232 518 1421 596 atque
1485 512 1577 579 ita
1638 513 1845 579 rarius
1920 518 1982 578 et
2056 514 2341 589 §auctius
2421 515 2773 596 exemplum

470 621 741 705 posteris
805 622 1118 706 praebuit,
1185 641 1310 705 quo
1374 640 1496 687 non
1562 620 2075 706 dedignarentur,
2141 620 2350 686 sicubi
2406 621 2564 686 torte
2618 618 2773 687 recti

472 728 792 793 tramitem
855 727 1286 812 reliquissent,
1363 727 1554 792 etiam
1623 746 1660 790 a
1723 727 2181 809 posterioribus
2261 727 2510 812 coriigi,
2586 746 2773 809 quam

355 853 362 858 ·
472 833 732 902 Paulus.
801 853 925 916 quo
990 833 1255 900 fidenter
1319 832 1623 915 auderent
1687 833 1879 898 etiam
1935 833 2207 898 minores
2263 832 2607 902 maioribus
2661 852 2774 917 pro

384 1488 439 1525 10

476 940 866 1006 defendenda
903 941 1273 1025 euangelica
1313 941 1577 1006 ueritate
1625 939 1808 1004 salua
1853 938 2121 1007 fraterna
2161 941 2423 1005 caritate
2459 938 2774 1007 resistere.

478 1054 621 1112 nam
668 1066 816 1112 cum
863 1047 1066 1113 satius
1114 1047 1200 1112 ait
1237 1052 1282 1112 'a
1326 1046 1595 1113 tenendo
1643 1046 1868 1111 itinere
1917 1045 1977 1110 in
2019 1047 2189 1112 nullo
2232 1065 2423 1129 quam
2460 1045 2522 1110 in
2560 1045 2774 1128 aliquo

477 1152 809 1227 declinare,
867 1152 1072 1218 multo
1131 1156 1230 1218 est
1285 1155 1494 1218 tamen
1552 1151 1910 1217 mirabilius
1968 1138 2463 1216 et'laudabilius
2508 1145 2777 1215 libenter

477 1259 759 1344 accipere
836 1259 1256 1344 corrigentem
1340 1278 1527 1344 quam
1613 1258 1914 1324 audacter
1996 1259 2309 1343 corrigere
2394 1257 2773 1323 deuiantem.

476 1366 618 1433 laus
664 1366 880 1449 itaque
938 1365 1147 1431 iustae
1201 1365 1518 1431 libertatis
1573 1366 1635 1430 in
1695 1366 1896 1430 Paulo
1953 1369 2019 1430 et
2072 1370 2326 1430 sanctae
2392 1364 2775 1430 humilitatis

476 1471 541 1537 in
603 1471 815 1549 Petro,
892 1474 1196 1555 quantum
1273 1471 1430 1537 mihi
1505 1490 1616 1555 pro
1694 1472 1953 1548 modulo
2019 1492 2159 1542 meo
2229 1472 2505 1544 uidetur,
2570 1470 2775 1554 magis

475 1579 683 1648 fuerat
734 1579 1044 1644 aduersus
1100 1579 1590 1645 calumniantem
1641 1577 2059 1662 Porphyrium
2117 1576 2527 1653 defendenda,
2589 1596 2773 1660 quam

478 1689 555 1750 ut
595 1685 655 1750 ei
703 1685 958 1751 daretur
1003 1685 1395 1752 obtrectandi
1443 1685 1644 1750 maior
1691 1684 1962 1760 occasio,
2012 1703 2135 1766 qua
2173 1685 2379 1751 multo
2418 1682 2777 1748 mordacius

372 1831 385 1846 ·
480 1791 918 1856 criminaretur
975 1790 1364 1858 Christianos
1428 1790 1742 1857 fallaciter
1806 1791 1910 1855 uel
1976 1786 2125 1856 suas'
2189 1791 2439 1855 litteras
2504 1787 2777 1855 scribere

96 1990 442 2060 1112315

479 1898 586 1963 uel
632 1897 731 1963 dei
781 1895 882 1962 sui
931 1902 1323 1963 sacramenta
1377 1902 1644 1981 portare.

568 2002 854 2089 Flagitas
912 2023 950 2069 a
1002 2023 1126 2081 me,
1184 2006 1260 2067 ut
1314 2004 1593 2087 aliquem
1652 2003 1877 2068 saltem
1939 2022 2132 2068 unum
2192 2001 2543 2078 ostendam,
2593 1999 2776 2066 cuius

479 2110 550 2175 in
591 2109 709 2176 ha'c
754 2129 821 2176 re
869 2110 1249 2175 sententiam
1297 2109 1418 2196 aim
1467 2112 1751 2186 secutae,
1801 2128 1947 2174 cum
1993 2112 2065 2174 tu
2120 2112 2253 2174 tam
2310 2108 2524 2193 plures
2579 2107 2777 2172 nomi-

370 2234 376 2239 ·
480 2216 674 2281 natim
722 2216 1342 2293 commemor-meria,
1392 2216 1502 2299 qui
1547 2219 1611 2282 te
1658 2216 1723 2281 in
1773 2214 1867 2293 eo',
1917 2216 2083 2300 quod
2133 2216 2435 2292 adstruis,
2493 2219 2777 2298 praeces-

481 2325 717 2400 serunt,
764 2325 1010 2403 petens,
1058 2325 1132 2386 ut
1176 2322 1236 2385 in
1287 2340 1361 2386 eo
1413 2320 1467 2386 ai
1513 2323 1579 2387 te
1624 2323 2013 2405 reprehendo
2068 2325 2399 2398 errantem,
2453 2321 2659 2404 patiar
2712 2325 2777 2387 te

481 2446 681 2494 errare
729 2447 875 2493 cum
923 2427 1183 2494 talibus,
1241 2448 1511 2512 quorum
1568 2448 1711 2518 ego,
1775 2427 1997 2504 fateor,
2067 2428 2386 2494 neminem
2449 2427 2597 2512 legi.
2664 2428 2778 2493 sed

480 2551 624 2600 cum
672 2535 800 2599 sint
845 2534 1042 2600 fenne
1090 2555 1196 2601 aex
1243 2535 1345 2600 uel
1397 2539 1665 2619 septem,
1711 2536 1938 2601 horum
1987 2539 2288 2618 quattuor
2336 2534 2775 2600 auctoritatem

659 2745 868 2810 15-19
899 2754 976 2811 cf.
1015 2770 1065 2826 p.
1096 2749 1228 2821 290,
1270 2758 1410 2810 ’2-5
1520 2756 1717 2829 20—p.
1758 2759 1883 2822 376,
1921 2761 1955 2814 6
1992 2759 2061 2814 ef.
2101 2778 2152 2830 p.
2192 2761 2316 2824 286,
2358 2760 2530 2814 2—11

551 2878 576 2931 1
620 2876 796 2949 adque
833 2878 931 2933 H]
1038 2879 1140 2949 ita]
1181 2882 1294 2933 tam
1336 2880 1386 2933 R
1497 2896 1646 2935 exem
1687 2884 1812 2943 (oni.
1851 2880 2024 2951 plum)
2059 2882 2126 2935 H
2233 2883 2266 2936 2
2305 2880 2641 2952 praebebant
2673 2880 2781 2951 ΟΕ

550 2984 778 3037 quo—p.
821 2970 956 3022 382.
993 2973 1025 3021 1
1061 2968 1298 3039 epistula
1335 2987 1437 3024 υηι.
1477 2970 1585 3038 φΕ
1763 2969 1907 3038 quod
1945 2969 1986 3023 Ι
2167 2969 2310 3024 forte
2350 2974 2536 3039 (cuper
2571 2986 2600 3024 e
2639 2970 2772 3024 add.

480 3057 519 3119 i)
563 3056 597 3108 t
729 3058 866 3111 recti
903 3073 1006 3111 om.
1047 3057 1086 3109 I
1115 3060 1262 3111 recte
1300 3056 1367 3110 H
1491 3057 1524 3111 3
1561 3058 1857 3115 tramitam.
1896 3073 2032 3112 corr.
2071 3062 2193 3112 m.1
2228 3057 2507 3111 tramitem
2546 3059 2598 3111 A
2744 3073 2776 3111 a

474 3161 576 3199 om.
616 3143 678 3199 H
860 3145 1045 3215 quam]
1087 3145 1230 3215 quod
1268 3145 1340 3198 1²¹
1520 3148 1556 3200 4
1591 3144 1819 3214 Paulus]
1859 3145 2053 3214 paulus
2087 3145 2191 3200 hoc
2229 3147 2347 3216 egit
2381 3144 2455 3199 1²¹
2630 3145 2780 3216 quod

476 3233 705 3288 fidenter
739 3232 780 3286 I
810 3250 916 3302 quo
956 3232 1192 3288 fideliter
1228 3236 1283 3287 A
1323 3232 1656 3289 confidenter
1697 3240 1819 3300 (om.
1862 3241 1988 3306 quo)
2027 3233 2094 3288 H
2137 3251 2242 3304 quo
2282 3233 2614 3289 confidenter
2650 3234 2771 3287 edd.

549 3319 799 3375 audirent
835 3320 905 3375 H
1045 3322 1363 3391 maioribus]
1400 3323 1629 3377 maiores
1668 3321 1704 3375 1
1812 3323 1846 3376 5
1884 3321 2036 3376 salba
2072 3320 2140 3376 H
2243 3323 2277 3377 6
2317 3339 2446 3377 cum·
2472 3322 2535 3377 in
2560 3318 2682 3392 fine
2716 3340 2773 3377 u.

474 3425 578 3462 om.
616 3410 672 3462 A
835 3409 890 3463 in
927 3409 1427 3463 nullo-declinare
1466 3425 1568 3464 om.
1609 3409 1650 3463 I
1808 3410 1944 3464 alico
1985 3409 2051 3463 H
2226 3412 2258 3465 7
2295 3410 2471 3464 multo
2509 3411 2649 3464 enim
2689 3415 2775 3465 eat

471 3502 651 3550 tamen
688 3496 865 3551 PMA
973 3498 1007 3552 8
1050 3497 1330 3552 audaciter
1366 3497 1438 3554 H.
1537 3500 1570 3554 9
1608 3498 1754 3569 laus]
1798 3505 1882 3553 est
1917 3498 2035 3553 laus
2063 3499 2136 3553 1²¹
2177 3498 2297 3553 edd.
2412 3500 2553 3552 iuste
2589 3499 2631 3552 Ι
2659 3499 2774 3553 iuet

475 3587 639 3652 ‹sie-l)
680 3585 744 3640 H
852 3587 917 3640 10
956 3590 1161 3655 quanto
1201 3585 1268 3639 H
1299 3602 1438 3655 quae
1477 3590 1746 3657 quantum
1781 3586 1903 3642 edd.
2021 3589 2165 3657 meo]
2207 3603 2292 3641 me
2331 3587 2419 3657 P,
2490 3587 2701 3658 magnis
2741 3588 2781 3640 Ι

475 3675 537 3727 ll
566 3680 691 3742 pont
707 3674 1065 3744 Porphyrium
1094 3692 1162 3730 m.
1187 3679 1227 3728 2
1255 3674 1386 3728 add.
1418 3676 1623 3729 ueritas
1637 3676 1720 3729 12¹
1834 3677 1899 3731 12
1930 3683 2036 3747 qua
2056 3675 2126 3729 M
2149 3680 2249 3749 (⁴-
2273 3677 2439 3746 erat.)
2463 3677 2513 3729 A
2543 3692 2701 3745 quam
2721 3676 2777 3729 P

476 3763 541 3816 13
580 3762 901 3818 christianas
941 3764 1006 3816 H
1040 3764 1349 3830 christianis
1390 3765 1563 3820 PMA
1721 3767 1786 3820 14
1817 3765 1927 3836 dei]
1970 3766 2035 3821 de
2075 3768 2106 3820 1
2252 3769 2336 3822 sui
2374 3768 2414 3837 (i
2451 3767 2515 3820 in
2549 3778 2661 3821 'ra-5.
2701 3783 2771 3821 m.

475 3856 536 3903 ut
570 3852 683 3905 uid.
723 3854 777 3921 1)
818 3853 885 3905 Ρι
923 3868 1021 3906 aua
1059 3852 1179 3907 PM
1317 3854 1553 3923 portare]
1593 3856 1830 3909 tractare
1864 3854 1962 3909 HI
2066 3857 2130 3912 15
2169 3856 2328 3925 flagis
2357 3856 2410 3909 P
2549 3855 2771 3908 hosten-

472 3937 595 3992 dam
631 3939 670 3993 Ι
779 3941 842 3993 16
880 3941 935 3995 in
975 3940 1081 3995 hac
1115 3942 1195 4010 re]
1237 3942 1290 3995 in
1332 3941 1433 3995 hac
1474 3948 1598 4008 (om.
1637 3946 1718 4008 re)
1762 3942 1799 3994 I
1830 3944 1884 3997 in
1926 3944 2040 4017 agri
2066 3943 2194 3999 PM
2226 3943 2475 4014 magistri
2506 3943 2557 3995 A
2667 3942 2769 3996 aim

450 4041 573 4090 ,ont
615 4026 646 4079 1
679 4043 798 4082 aum
837 4027 903 4081 H
1067 4023 1129 4083 17
1171 4031 1676 4084 cummemoraueris
1715 4031 1790 4084 M
1824 4033 2327 4087 commemoraberis
2369 4031 2432 4085 H
2542 4100 2547 4103 .
2582 4030 2646 4084 18
2686 4031 2767 4099 ut]

473 4112 615 4181 quod
651 4116 828 4170 PMA
971 4117 1028 4172 in
1068 4134 1130 4171 eo
1169 4134 1270 4172 om,
1312 4118 1414 4171 HI
1565 4119 1608 4172 si
1647 4124 1705 4173 te
1743 4119 2101 4190 reprehendo]
2143 4122 2222 4175 sic
2260 4118 2699 4189 reprehendendo
2743 4118 2781 4169 I

472 4200 540 4254 20
578 4203 765 4274 fer-me]
807 4207 986 4260 firmet
1022 4206 1057 4258 1
