<?xml version="1.0" encoding="UTF-8"?>
<!DOCTYPE html PUBLIC "-//W3C//DTD XHTML 1.0 Transitional//EN"
    "http://www.w3.org/TR/xhtml1/DTD/xhtml1-transitional.dtd">
<html xmlns="http://www.w3.org/1999/xhtml" xml:lang="en" lang="en">
 <head>
  <title>
</title>
<meta http-equiv="Content-Type" content="text/html;charset=utf-8" />
  <meta name='ocr-system' content='tesseract 3.04.00' />
  <meta name='ocr-capabilities' content='ocr_page ocr_carea ocr_par ocr_line ocrx_word'/>
</head>
<body>
  <div class='ocr_page' id='page_1' title='image "./savreliavgvstin00goldgoog_0412.png"; bbox 0 0 3309 4867; ppageno 0'>
   <div class='ocr_carea' id='block_1_1' title="bbox 283 344 1092 415">
    <p class='ocr_par' dir='ltr' id='par_1_1' title="bbox 283 344 1092 415">
     <span class='ocr_line' id='line_1_1' title="bbox 283 344 1092 415; baseline -0.016 -5"><span class='ocrx_word' id='word_1_1' title='bbox 283 347 349 411; x_wconf 73' lang='grc'>390</span> <span class='ocrx_word' id='word_1_2' title='bbox 654 347 680 398; x_wconf 72' lang='grc' dir='ltr'>ὃ.</span> <span class='ocrx_word' id='word_1_3' title='bbox 708 344 849 399; x_wconf 72' lang='lat' dir='ltr'>Aureli</span> <span class='ocrx_word' id='word_1_4' title='bbox 877 346 1092 415; x_wconf 75' lang='lat' dir='ltr'>Augustini</span> 
     </span>
    </p>
   </div>
   <div class='ocr_carea' id='block_1_2' title="bbox 283 522 1442 835">
    <p class='ocr_par' dir='ltr' id='par_1_2' title="bbox 283 522 1442 835">
     <span class='ocr_line' id='line_1_2' title="bbox 283 522 1439 622; baseline 0.002 -19"><span class='ocrx_word' id='word_1_5' title='bbox 283 540 400 617; x_wconf 83' lang='lat' dir='ltr'>causis,</span> <span class='ocrx_word' id='word_1_6' title='bbox 434 522 519 622; x_wconf 68' lang='lat' dir='ltr'>duod</span> <span class='ocrx_word' id='word_1_7' title='bbox 552 539 639 605; x_wconf 88' lang='lat' dir='ltr'>nullo</span> <span class='ocrx_word' id='word_1_8' title='bbox 671 539 766 606; x_wconf 89' lang='lat' dir='ltr'>ruodo</span> <span class='ocrx_word' id='word_1_9' title='bbox 799 540 992 605; x_wconf 67' lang='lat' dir='ltr'>intellecturi</span> <span class='ocrx_word' id='word_1_10' title='bbox 1025 544 1110 617; x_wconf 83' lang='lat' dir='ltr'>suut,</span> <span class='ocrx_word' id='word_1_11' title='bbox 1142 537 1204 604; x_wconf 87' lang='lat' dir='ltr'>nisi</span> <span class='ocrx_word' id='word_1_12' title='bbox 1236 538 1325 604; x_wconf 86' lang='lat' dir='ltr'>illem</span> <span class='ocrx_word' id='word_1_13' title='bbox 1357 559 1439 615; x_wconf 81' lang='lat' dir='ltr'>rem,</span> 
     </span>
     <span class='ocr_line' id='line_1_3' title="bbox 285 645 1442 731; baseline 0.001 -21"><span class='ocrx_word' id='word_1_14' title='bbox 285 664 379 728; x_wconf 79' lang='lat' dir='ltr'>ouans</span> <span class='ocrx_word' id='word_1_15' title='bbox 399 664 528 727; x_wconf 86' lang='lat' dir='ltr'>semper</span> <span class='ocrx_word' id='word_1_16' title='bbox 550 646 724 731; x_wconf 68' lang='lat' dir='ltr'>presbyteri</span> <span class='ocrx_word' id='word_1_17' title='bbox 748 666 818 712; x_wconf 89' lang='lat' dir='ltr'>esse</span> <span class='ocrx_word' id='word_1_18' title='bbox 842 651 1046 730; x_wconf 78' lang='lat' dir='ltr'>putuuenrnt,</span> <span class='ocrx_word' id='word_1_19' title='bbox 1070 664 1180 713; x_wconf 86' lang='lat' dir='ltr'>eorum</span> <span class='ocrx_word' id='word_1_20' title='bbox 1203 645 1316 712; x_wconf 89' lang='lat' dir='ltr'>usibus</span> <span class='ocrx_word' id='word_1_21' title='bbox 1343 645 1442 711; x_wconf 86' lang='lat' dir='ltr'>relin-</span> 
     </span>
     <span class='ocr_line' id='line_1_4' title="bbox 284 750 1441 835; baseline 0.002 -20"><span class='ocrx_word' id='word_1_22' title='bbox 284 770 432 835; x_wconf 82' lang='lat' dir='ltr'>quemus,</span> <span class='ocrx_word' id='word_1_23' title='bbox 465 752 539 834; x_wconf 84' lang='lat' dir='ltr'>quin</span> <span class='ocrx_word' id='word_1_24' title='bbox 570 755 613 830; x_wconf 88' lang='lat' dir='ltr'>et,</span> <span class='ocrx_word' id='word_1_25' title='bbox 646 753 675 818; x_wconf 85' lang='lat' dir='ltr'>si</span> <span class='ocrx_word' id='word_1_26' title='bbox 707 753 777 823; x_wconf 84' lang='lat' dir='ltr'>eius</span> <span class='ocrx_word' id='word_1_27' title='bbox 809 750 870 817; x_wconf 79' lang='lat' dir='ltr'>no&#39;n</span> <span class='ocrx_word' id='word_1_28' title='bbox 900 761 975 828; x_wconf 86' lang='lat' dir='ltr'>erat,</span> <span class='ocrx_word' id='word_1_29' title='bbox 1003 754 1065 819; x_wconf 89' lang='lat' dir='ltr'>hoo</span> <span class='ocrx_word' id='word_1_30' title='bbox 1093 752 1132 816; x_wconf 87' lang='lat' dir='ltr'>sb</span> <span class='ocrx_word' id='word_1_31' title='bbox 1160 751 1252 818; x_wconf 90' lang='lat' dir='ltr'>initio</span> <span class='ocrx_word' id='word_1_32' title='bbox 1280 753 1368 818; x_wconf 84' lang='lat' dir='ltr'>seire·</span> <span class='ocrx_word' id='word_1_33' title='bbox 1384 752 1441 817; x_wconf 87' lang='lat' dir='ltr'>de·</span> 
     </span>
    </p>
   </div>
   <div class='ocr_carea' id='block_1_3' title="bbox 285 856 428 923">
    <p class='ocr_par' dir='ltr' id='par_1_3' title="bbox 285 856 428 923">
     <span class='ocr_line' id='line_1_5' title="bbox 285 856 428 923; baseline 0.014 -2"><span class='ocrx_word' id='word_1_34' title='bbox 285 856 428 923; x_wconf 83' lang='lat' dir='ltr'>buernnt.</span> 
     </span>
    </p>
   </div>
   <div class='ocr_carea' id='block_1_4' title="bbox 252 963 1503 3389">
    <p class='ocr_par' dir='ltr' id='par_1_4' title="bbox 252 963 1503 3389">
     <span class='ocr_line' id='line_1_6' title="bbox 252 963 1503 1050; baseline 0.001 -23"><span class='ocrx_word' id='word_1_35' title='bbox 252 986 256 1027; x_wconf 73' lang='grc' dir='ltr'>ι</span> <span class='ocrx_word' id='word_1_36' title='bbox 331 963 464 1029; x_wconf 88' lang='lat' dir='ltr'>Videtur</span> <span class='ocrx_word' id='word_1_37' title='bbox 494 964 603 1048; x_wconf 89' lang='lat' dir='ltr'>itaque</span> <span class='ocrx_word' id='word_1_38' title='bbox 635 965 714 1030; x_wconf 86' lang='lat' dir='ltr'>mibi</span> <span class='ocrx_word' id='word_1_39' title='bbox 745 967 823 1031; x_wconf 88' lang='lat' dir='ltr'>baeo</span> <span class='ocrx_word' id='word_1_40' title='bbox 856 967 967 1050; x_wconf 71' lang='lat' dir='ltr'>regula</span> <span class='ocrx_word' id='word_1_41' title='bbox 999 985 1069 1031; x_wconf 88' lang='lat' dir='ltr'>esso</span> <span class='ocrx_word' id='word_1_42' title='bbox 1101 966 1133 1030; x_wconf 89' lang='lat' dir='ltr'>in</span> <span class='ocrx_word' id='word_1_43' title='bbox 1172 966 1267 1031; x_wconf 89' lang='lat' dir='ltr'>rebus</span> <span class='ocrx_word' id='word_1_44' title='bbox 1302 964 1439 1032; x_wconf 68' lang='lat' dir='ltr'>bmusoe</span> <span class='ocrx_word' id='word_1_45' title='bbox 1483 988 1503 1028; x_wconf 75' lang='lat' dir='ltr'>s</span> 
     </span>
     <span class='ocr_line' id='line_1_7' title="bbox 284 1070 1438 1157; baseline 0.003 -22"><span class='ocrx_word' id='word_1_46' title='bbox 284 1070 371 1138; x_wconf 86' lang='lat' dir='ltr'>rnodi</span> <span class='ocrx_word' id='word_1_47' title='bbox 404 1072 576 1150; x_wconf 79' lang='lat' dir='ltr'>retinenda,</span> <span class='ocrx_word' id='word_1_48' title='bbox 591 1099 593 1103; x_wconf 50' lang='lat'>&gt;</span> <span class='ocrx_word' id='word_1_49' title='bbox 609 1078 655 1146; x_wconf 78' lang='lat' dir='ltr'>ut,</span> <span class='ocrx_word' id='word_1_50' title='bbox 680 1073 835 1157; x_wconf 88' lang='lat' dir='ltr'>quioquid</span> <span class='ocrx_word' id='word_1_51' title='bbox 861 1093 898 1139; x_wconf 90' lang='lat' dir='ltr'>eo</span> <span class='ocrx_word' id='word_1_52' title='bbox 926 1073 1005 1154; x_wconf 87' lang='lat' dir='ltr'>iure,</span> <span class='ocrx_word' id='word_1_53' title='bbox 1033 1093 1095 1156; x_wconf 88' lang='lat' dir='ltr'>qno</span> <span class='ocrx_word' id='word_1_54' title='bbox 1122 1073 1200 1139; x_wconf 86' lang='lat' dir='ltr'>teba</span> <span class='ocrx_word' id='word_1_55' title='bbox 1221 1072 1438 1157; x_wconf 74' lang='lat' dir='ltr'>possidentur,</span> 
     </span>
     <span class='ocr_line' id='line_1_8' title="bbox 277 1178 1441 1263; baseline 0.001 -21"><span class='ocrx_word' id='word_1_56' title='bbox 277 1178 355 1243; x_wconf 54' lang='lat' dir='ltr'>*eins</span> <span class='ocrx_word' id='word_1_57' title='bbox 388 1179 494 1256; x_wconf 87' lang='lat' dir='ltr'>fuerit,</span> <span class='ocrx_word' id='word_1_58' title='bbox 529 1179 584 1261; x_wconf 88' lang='lat' dir='ltr'>qui</span> <span class='ocrx_word' id='word_1_59' title='bbox 609 1178 730 1257; x_wconf 86' lang='lat' dir='ltr'>alieubi</span> <span class='ocrx_word' id='word_1_60' title='bbox 759 1178 894 1247; x_wconf 81' lang='lat' dir='ltr'>clericus</span> <span class='ocrx_word' id='word_1_61' title='bbox 922 1180 1094 1257; x_wconf 87' lang='lat' dir='ltr'>ordinatur,</span> <span class='ocrx_word' id='word_1_62' title='bbox 1122 1178 1161 1245; x_wconf 85' lang='lat' dir='ltr'>ud</span> <span class='ocrx_word' id='word_1_63' title='bbox 1189 1198 1258 1245; x_wconf 87' lang='lat' dir='ltr'>earn</span> <span class='ocrx_word' id='word_1_64' title='bbox 1280 1179 1441 1263; x_wconf 79' lang='lat' dir='ltr'>pertineat</span> 
     </span>
     <span class='ocr_line' id='line_1_9' title="bbox 288 1266 1439 1370; baseline 0.002 -22"><span class='ocrx_word' id='word_1_65' title='bbox 288 1284 466 1361; x_wconf 83' lang='lat' dir='ltr'>eeclesiam,</span> <span class='ocrx_word' id='word_1_66' title='bbox 486 1284 527 1349; x_wconf 79' lang='lat' dir='ltr'>&#39;in</span> <span class='ocrx_word' id='word_1_67' title='bbox 557 1266 620 1369; x_wconf 78' lang='lat' dir='ltr'>qua</span> <span class='ocrx_word' id='word_1_68' title='bbox 646 1284 818 1350; x_wconf 90' lang='lat' dir='ltr'>ordinatur.</span> <span class='ocrx_word' id='word_1_69' title='bbox 852 1305 953 1370; x_wconf 82' lang='lat' dir='ltr'>usque</span> <span class='ocrx_word' id='word_1_70' title='bbox 981 1268 1059 1353; x_wconf 86' lang='lat' dir='ltr'>adeo</span> <span class='ocrx_word' id='word_1_71' title='bbox 1088 1290 1195 1352; x_wconf 87' lang='lat' dir='ltr'>autem</span> <span class='ocrx_word' id='word_1_72' title='bbox 1227 1285 1338 1352; x_wconf 84' lang='lat' dir='ltr'>eodeni</span> <span class='ocrx_word' id='word_1_73' title='bbox 1369 1286 1439 1350; x_wconf 86' lang='lat' dir='ltr'>inre</span> 
     </span>
     <span class='ocr_line' id='line_1_10' title="bbox 286 1389 1438 1478; baseline 0.002 -25"><span class='ocrx_word' id='word_1_74' title='bbox 286 1389 462 1474; x_wconf 79' lang='lat' dir='ltr'>presbyteri</span> <span class='ocrx_word' id='word_1_75' title='bbox 481 1391 636 1456; x_wconf 82' lang='lat' dir='ltr'>Honorati</span> <span class='ocrx_word' id='word_1_76' title='bbox 660 1396 711 1457; x_wconf 89' lang='lat' dir='ltr'>est</span> <span class='ocrx_word' id='word_1_77' title='bbox 731 1391 824 1468; x_wconf 82' lang='lat' dir='ltr'>illud,</span> <span class='ocrx_word' id='word_1_78' title='bbox 849 1391 931 1457; x_wconf 88' lang='lat' dir='ltr'>unde</span> <span class='ocrx_word' id='word_1_79' title='bbox 954 1391 1071 1478; x_wconf 55' lang='lat' dir='ltr'>agitnrss</span> <span class='ocrx_word' id='word_1_80' title='bbox 1094 1395 1213 1463; x_wconf 86' lang='lat' dir='ltr'>utnon</span> <span class='ocrx_word' id='word_1_81' title='bbox 1238 1394 1341 1457; x_wconf 87' lang='lat' dir='ltr'>solum</span> <span class='ocrx_word' id='word_1_82' title='bbox 1360 1391 1438 1456; x_wconf 86' lang='lat' dir='ltr'>alibi</span> 
     </span>
     <span class='ocr_line' id='line_1_11' title="bbox 288 1497 1500 1585; baseline -0.004 -22"><span class='ocrx_word' id='word_1_83' title='bbox 288 1498 450 1563; x_wconf 79' lang='lat' dir='ltr'>ordinatus</span> <span class='ocrx_word' id='word_1_84' title='bbox 480 1497 536 1563; x_wconf 90' lang='lat' dir='ltr'>sed</span> <span class='ocrx_word' id='word_1_85' title='bbox 565 1497 667 1563; x_wconf 85' lang='lat' dir='ltr'>adhuc</span> <span class='ocrx_word' id='word_1_86' title='bbox 695 1498 727 1562; x_wconf 92' lang='lat' dir='ltr'>in</span> <span class='ocrx_word' id='word_1_87' title='bbox 751 1497 939 1585; x_wconf 78' lang='lat' dir='ltr'>Tagastensi</span> <span class='ocrx_word' id='word_1_88' title='bbox 967 1499 1160 1564; x_wconf 86' lang='lat' dir='ltr'>monasterio</span> <span class='ocrx_word' id='word_1_89' title='bbox 1188 1498 1384 1563; x_wconf 84' lang='lat' dir='ltr'>constitutus</span> <span class='ocrx_word' id='word_1_90' title='bbox 1408 1498 1438 1561; x_wconf 89' lang='lat' dir='ltr'>si</span> <span class='ocrx_word' id='word_1_91' title='bbox 1467 1522 1500 1557; x_wconf 77' lang='grc' dir='ltr'>ω</span> 
     </span>
     <span class='ocr_line' id='line_1_12' title="bbox 288 1603 1439 1692; baseline 0 -23"><span class='ocrx_word' id='word_1_92' title='bbox 288 1623 321 1669; x_wconf 88' lang='lat' dir='ltr'>re</span> <span class='ocrx_word' id='word_1_93' title='bbox 345 1623 404 1669; x_wconf 84' lang='lat' dir='ltr'>sus</span> <span class='ocrx_word' id='word_1_94' title='bbox 426 1623 487 1670; x_wconf 91' lang='lat' dir='ltr'>non</span> <span class='ocrx_word' id='word_1_95' title='bbox 512 1603 641 1670; x_wconf 77' lang='lat' dir='ltr'>uendite</span> <span class='ocrx_word' id='word_1_96' title='bbox 663 1606 1024 1692; x_wconf 82' lang='lat' dir='ltr'>neo-permenifestsm</span> <span class='ocrx_word' id='word_1_97' title='bbox 1046 1604 1247 1671; x_wconf 88' lang='lat' dir='ltr'>donationem</span> <span class='ocrx_word' id='word_1_98' title='bbox 1270 1605 1301 1669; x_wconf 88' lang='lat' dir='ltr'>in</span> <span class='ocrx_word' id='word_1_99' title='bbox 1331 1623 1439 1687; x_wconf 84' lang='lat' dir='ltr'>qnem-</span> 
     </span>
     <span class='ocr_line' id='line_1_13' title="bbox 288 1709 1440 1793; baseline 0 -19"><span class='ocrx_word' id='word_1_100' title='bbox 288 1709 373 1793; x_wconf 85' lang='lat' dir='ltr'>piam</span> <span class='ocrx_word' id='word_1_101' title='bbox 401 1710 555 1775; x_wconf 74' lang='lat' dir='ltr'>translata</span> <span class='ocrx_word' id='word_1_102' title='bbox 582 1715 765 1787; x_wconf 80' lang='lat' dir='ltr'>moreretur,</span> <span class='ocrx_word' id='word_1_103' title='bbox 795 1731 855 1777; x_wconf 93' lang='lat' dir='ltr'>non</span> <span class='ocrx_word' id='word_1_104' title='bbox 884 1712 945 1776; x_wconf 86' lang='lat' dir='ltr'>nisi</span> <span class='ocrx_word' id='word_1_105' title='bbox 972 1711 1104 1777; x_wconf 88' lang='lat' dir='ltr'>heredes</span> <span class='ocrx_word' id='word_1_106' title='bbox 1127 1710 1197 1776; x_wconf 89' lang='lat' dir='ltr'>eius</span> <span class='ocrx_word' id='word_1_107' title='bbox 1219 1711 1251 1775; x_wconf 91' lang='lat' dir='ltr'>in</span> <span class='ocrx_word' id='word_1_108' title='bbox 1275 1729 1344 1777; x_wconf 87' lang='lat' dir='ltr'>eam</span> <span class='ocrx_word' id='word_1_109' title='bbox 1367 1726 1440 1775; x_wconf 83' lang='lat' dir='ltr'>sur·</span> 
     </span>
     <span class='ocr_line' id='line_1_14' title="bbox 290 1815 1440 1903; baseline 0.001 -23"><span class='ocrx_word' id='word_1_110' title='bbox 290 1816 445 1891; x_wconf 77' lang='lat' dir='ltr'>rederent,</span> <span class='ocrx_word' id='word_1_111' title='bbox 468 1817 553 1882; x_wconf 86' lang='lat' dir='ltr'>siout</span> <span class='ocrx_word' id='word_1_112' title='bbox 575 1818 672 1883; x_wconf 84' lang='lat' dir='ltr'>frater</span> <span class='ocrx_word' id='word_1_113' title='bbox 688 1818 886 1883; x_wconf 80' lang='lat' dir='ltr'>Aemilianus</span> <span class='ocrx_word' id='word_1_114' title='bbox 909 1818 941 1883; x_wconf 91' lang='lat' dir='ltr'>in</span> <span class='ocrx_word' id='word_1_115' title='bbox 963 1818 1037 1884; x_wconf 91' lang='lat' dir='ltr'>illos</span> <span class='ocrx_word' id='word_1_116' title='bbox 1060 1818 1190 1903; x_wconf 78' lang='lat' dir='ltr'>triginta</span> <span class='ocrx_word' id='word_1_117' title='bbox 1213 1815 1332 1882; x_wconf 80' lang='lat' dir='ltr'>solidos</span> <span class='ocrx_word' id='word_1_118' title='bbox 1350 1815 1440 1881; x_wconf 79' lang='lat' dir='ltr'>fratri</span> 
     </span>
     <span class='ocr_line' id='line_1_15' title="bbox 289 1922 1441 2009; baseline 0 -22"><span class='ocrx_word' id='word_1_119' title='bbox 289 1922 420 1989; x_wconf 87' lang='lat' dir='ltr'>Priunto</span> <span class='ocrx_word' id='word_1_120' title='bbox 444 1923 612 1990; x_wconf 83' lang='lat' dir='ltr'>suecessit.</span> <span class='ocrx_word' id='word_1_121' title='bbox 636 1923 714 1990; x_wconf 86' lang='lat' dir='ltr'>hneo</span> <span class='ocrx_word' id='word_1_122' title='bbox 738 1943 813 2009; x_wconf 83' lang='lat' dir='ltr'>ergo</span> <span class='ocrx_word' id='word_1_123' title='bbox 837 1930 910 1990; x_wconf 88' lang='lat' dir='ltr'>ante</span> <span class='ocrx_word' id='word_1_124' title='bbox 933 1923 1149 2008; x_wconf 85' lang='lat' dir='ltr'>praeoauenda</span> <span class='ocrx_word' id='word_1_125' title='bbox 1171 1928 1261 1999; x_wconf 87' lang='lat' dir='ltr'>sunt;</span> <span class='ocrx_word' id='word_1_126' title='bbox 1285 1923 1314 1989; x_wconf 88' lang='lat' dir='ltr'>si</span> <span class='ocrx_word' id='word_1_127' title='bbox 1331 1926 1441 1987; x_wconf 87' lang='lat' dir='ltr'>antem</span> 
     </span>
     <span class='ocr_line' id='line_1_16' title="bbox 291 2030 1498 2113; baseline 0 -20"><span class='ocrx_word' id='word_1_128' title='bbox 291 2033 461 2113; x_wconf 77' lang='lat' dir='ltr'>praecauta</span> <span class='ocrx_word' id='word_1_129' title='bbox 496 2049 558 2096; x_wconf 90' lang='lat' dir='ltr'>non</span> <span class='ocrx_word' id='word_1_130' title='bbox 595 2030 722 2105; x_wconf 80' lang='lat' dir='ltr'>fuerint,</span> <span class='ocrx_word' id='word_1_131' title='bbox 760 2050 797 2095; x_wconf 87' lang='lat' dir='ltr'>es</span> <span class='ocrx_word' id='word_1_132' title='bbox 834 2030 902 2095; x_wconf 86' lang='lat' dir='ltr'>iura</span> <span class='ocrx_word' id='word_1_133' title='bbox 938 2033 984 2096; x_wconf 86' lang='lat' dir='ltr'>eis</span> <span class='ocrx_word' id='word_1_134' title='bbox 1021 2048 1148 2096; x_wconf 90' lang='lat' dir='ltr'>seruare</span> <span class='ocrx_word' id='word_1_135' title='bbox 1186 2033 1320 2113; x_wconf 79' lang='lat' dir='ltr'>oportet</span> <span class='ocrx_word' id='word_1_136' title='bbox 1358 2047 1441 2112; x_wconf 88' lang='lat' dir='ltr'>qnae</span> <span class='ocrx_word' id='word_1_137' title='bbox 1464 2050 1498 2088; x_wconf 74' lang='lat' dir='ltr'>re</span> 
     </span>
     <span class='ocr_line' id='line_1_17' title="bbox 291 2134 1442 2203; baseline -0.001 -3"><span class='ocrx_word' id='word_1_138' title='bbox 291 2136 411 2201; x_wconf 88' lang='lat' dir='ltr'>talibus</span> <span class='ocrx_word' id='word_1_139' title='bbox 443 2136 596 2202; x_wconf 78' lang='lat' dir='ltr'>habendis</span> <span class='ocrx_word' id='word_1_140' title='bbox 629 2138 681 2203; x_wconf 89' lang='lat' dir='ltr'>nel</span> <span class='ocrx_word' id='word_1_141' title='bbox 713 2157 772 2203; x_wconf 90' lang='lat' dir='ltr'>non</span> <span class='ocrx_word' id='word_1_142' title='bbox 802 2138 955 2203; x_wconf 82' lang='lat' dir='ltr'>habendis</span> <span class='ocrx_word' id='word_1_143' title='bbox 983 2136 1155 2203; x_wconf 88' lang='lat' dir='ltr'>seeundum</span> <span class='ocrx_word' id='word_1_144' title='bbox 1185 2137 1313 2202; x_wconf 84' lang='lat' dir='ltr'>oinilenr</span> <span class='ocrx_word' id='word_1_145' title='bbox 1341 2134 1442 2200; x_wconf 78' lang='lat' dir='ltr'>sonis-</span> 
     </span>
     <span class='ocr_line' id='line_1_18' title="bbox 292 2241 1441 2321; baseline -0.001 -15"><span class='ocrx_word' id='word_1_146' title='bbox 292 2246 391 2307; x_wconf 85' lang='lat' dir='ltr'>tatem</span> <span class='ocrx_word' id='word_1_147' title='bbox 423 2247 498 2307; x_wconf 86' lang='lat' dir='ltr'>sunt</span> <span class='ocrx_word' id='word_1_148' title='bbox 529 2244 688 2321; x_wconf 68' lang='lat' dir='ltr'>instituta,</span> <span class='ocrx_word' id='word_1_149' title='bbox 720 2250 757 2307; x_wconf 92' lang='lat' dir='ltr'>ut</span> <span class='ocrx_word' id='word_1_150' title='bbox 789 2243 827 2308; x_wconf 89' lang='lat' dir='ltr'>ab</span> <span class='ocrx_word' id='word_1_151' title='bbox 861 2245 945 2309; x_wconf 89' lang='lat' dir='ltr'>omni</span> <span class='ocrx_word' id='word_1_152' title='bbox 978 2263 1039 2309; x_wconf 91' lang='lat' dir='ltr'>non</span> <span class='ocrx_word' id='word_1_153' title='bbox 1067 2242 1169 2309; x_wconf 89' lang='lat' dir='ltr'>solum</span> <span class='ocrx_word' id='word_1_154' title='bbox 1197 2262 1230 2306; x_wconf 88' lang='lat' dir='ltr'>re</span> <span class='ocrx_word' id='word_1_155' title='bbox 1258 2242 1315 2307; x_wconf 87' lang='lat' dir='ltr'>sed</span> <span class='ocrx_word' id='word_1_156' title='bbox 1342 2241 1441 2306; x_wconf 83' lang='lat' dir='ltr'>etianr</span> 
     </span>
     <span class='ocr_line' id='line_1_19' title="bbox 286 2348 1442 2433; baseline 0.003 -23"><span class='ocrx_word' id='word_1_157' title='bbox 286 2348 398 2432; x_wconf 80' lang='lat' dir='ltr'>speeie</span> <span class='ocrx_word' id='word_1_158' title='bbox 440 2348 588 2433; x_wconf 78' lang='lat' dir='ltr'>maligna,</span> <span class='ocrx_word' id='word_1_159' title='bbox 631 2353 785 2433; x_wconf 80' lang='lat' dir='ltr'>qnantum</span> <span class='ocrx_word' id='word_1_160' title='bbox 827 2369 1010 2433; x_wconf 73' lang='lat' dir='ltr'>possumus,</span> <span class='ocrx_word' id='word_1_161' title='bbox 1051 2369 1108 2416; x_wconf 90' lang='lat' dir='ltr'>nos</span> <span class='ocrx_word' id='word_1_162' title='bbox 1149 2350 1365 2416; x_wconf 83' lang='lat' dir='ltr'>abstineamus</span> <span class='ocrx_word' id='word_1_163' title='bbox 1407 2354 1442 2413; x_wconf 87' lang='lat' dir='ltr'>et</span> 
     </span>
     <span class='ocr_line' id='line_1_20' title="bbox 293 2449 1440 2540; baseline 0.001 -22"><span class='ocrx_word' id='word_1_164' title='bbox 293 2449 407 2519; x_wconf 80' lang='lat' dir='ltr'>bonnm</span> <span class='ocrx_word' id='word_1_165' title='bbox 443 2453 558 2519; x_wconf 86' lang='lat' dir='ltr'>fernam</span> <span class='ocrx_word' id='word_1_166' title='bbox 601 2455 820 2521; x_wconf 82' lang='lat' dir='ltr'>custodiamus</span> <span class='ocrx_word' id='word_1_167' title='bbox 864 2456 1091 2540; x_wconf 85' lang='lat' dir='ltr'>dispensationi</span> <span class='ocrx_word' id='word_1_168' title='bbox 1134 2458 1258 2519; x_wconf 83' lang='lat' dir='ltr'>nostine</span> <span class='ocrx_word' id='word_1_169' title='bbox 1298 2455 1440 2519; x_wconf 83' lang='lat' dir='ltr'>inultum</span> 
     </span>
     <span class='ocr_line' id='line_1_21' title="bbox 292 2561 1498 2646; baseline 0 -21"><span class='ocrx_word' id='word_1_170' title='bbox 292 2561 512 2626; x_wconf 80' lang='lat' dir='ltr'>risoessarism.</span> <span class='ocrx_word' id='word_1_171' title='bbox 546 2580 640 2645; x_wconf 88' lang='lat' dir='ltr'>quarn</span> <span class='ocrx_word' id='word_1_172' title='bbox 668 2581 743 2628; x_wconf 90' lang='lat' dir='ltr'>nero</span> <span class='ocrx_word' id='word_1_173' title='bbox 771 2562 895 2644; x_wconf 86' lang='lat' dir='ltr'>speeies</span> <span class='ocrx_word' id='word_1_174' title='bbox 923 2563 1061 2646; x_wconf 81' lang='lat' dir='ltr'>maligna</span> <span class='ocrx_word' id='word_1_175' title='bbox 1088 2563 1141 2638; x_wconf 79' lang='lat' dir='ltr'>sit,</span> <span class='ocrx_word' id='word_1_176' title='bbox 1165 2562 1311 2627; x_wconf 83' lang='lat' dir='ltr'>aduertat</span> <span class='ocrx_word' id='word_1_177' title='bbox 1333 2564 1445 2627; x_wconf 79' lang='lat' dir='ltr'>saneta</span> <span class='ocrx_word' id='word_1_178' title='bbox 1464 2582 1498 2618; x_wconf 67' lang='lat' dir='ltr'>to</span> 
     </span>
     <span class='ocr_line' id='line_1_22' title="bbox 293 2666 1444 2752; baseline 0.002 -21"><span class='ocrx_word' id='word_1_179' title='bbox 293 2666 459 2750; x_wconf 86' lang='lat' dir='ltr'>prudentia</span> <span class='ocrx_word' id='word_1_180' title='bbox 485 2670 550 2735; x_wconf 84' lang='lat' dir='ltr'>tun.</span> <span class='ocrx_word' id='word_1_181' title='bbox 584 2674 713 2752; x_wconf 84' lang='lat' dir='ltr'>excepta</span> <span class='ocrx_word' id='word_1_182' title='bbox 740 2669 869 2734; x_wconf 79' lang='lat' dir='ltr'>illorniu</span> <span class='ocrx_word' id='word_1_183' title='bbox 893 2668 1033 2745; x_wconf 72' lang='lat' dir='ltr'>tristitia,</span> <span class='ocrx_word' id='word_1_184' title='bbox 1057 2687 1152 2751; x_wconf 88' lang='lat' dir='ltr'>qnam</span> <span class='ocrx_word' id='word_1_185' title='bbox 1176 2667 1295 2751; x_wconf 81' lang='lat' dir='ltr'>experti</span> <span class='ocrx_word' id='word_1_186' title='bbox 1318 2687 1444 2743; x_wconf 75' lang='lat' dir='ltr'>sunnis,</span> 
     </span>
     <span class='ocr_line' id='line_1_23' title="bbox 294 2772 1444 2856; baseline 0.001 -20"><span class='ocrx_word' id='word_1_187' title='bbox 294 2790 333 2836; x_wconf 90' lang='lat' dir='ltr'>ne</span> <span class='ocrx_word' id='word_1_188' title='bbox 366 2772 443 2855; x_wconf 88' lang='lat' dir='ltr'>qnid</span> <span class='ocrx_word' id='word_1_189' title='bbox 474 2774 555 2839; x_wconf 87' lang='lat' dir='ltr'>forte</span> <span class='ocrx_word' id='word_1_190' title='bbox 583 2774 651 2856; x_wconf 91' lang='lat' dir='ltr'>ipse</span> <span class='ocrx_word' id='word_1_191' title='bbox 680 2775 814 2855; x_wconf 80' lang='lat' dir='ltr'>fallerer,</span> <span class='ocrx_word' id='word_1_192' title='bbox 844 2775 930 2840; x_wconf 86' lang='lat' dir='ltr'>sient</span> <span class='ocrx_word' id='word_1_193' title='bbox 956 2774 1023 2839; x_wconf 84' lang='lat' dir='ltr'>fieri</span> <span class='ocrx_word' id='word_1_194' title='bbox 1046 2775 1139 2847; x_wconf 81' lang='lat' dir='ltr'>solet,</span> <span class='ocrx_word' id='word_1_195' title='bbox 1164 2774 1239 2841; x_wconf 84' lang='lat' dir='ltr'>duru</span> <span class='ocrx_word' id='word_1_196' title='bbox 1263 2775 1294 2839; x_wconf 93' lang='lat' dir='ltr'>in</span> <span class='ocrx_word' id='word_1_197' title='bbox 1318 2789 1444 2839; x_wconf 87' lang='lat' dir='ltr'>seuten-</span> 
     </span>
     <span class='ocr_line' id='line_1_24' title="bbox 294 2879 1445 2964; baseline 0.002 -22"><span class='ocrx_word' id='word_1_198' title='bbox 294 2879 381 2945; x_wconf 81' lang='lat' dir='ltr'>tiam·</span> <span class='ocrx_word' id='word_1_199' title='bbox 401 2899 502 2944; x_wconf 86' lang='lat' dir='ltr'>meam</span> <span class='ocrx_word' id='word_1_200' title='bbox 531 2881 703 2963; x_wconf 85' lang='lat' dir='ltr'>proeliuior</span> <span class='ocrx_word' id='word_1_201' title='bbox 731 2901 810 2959; x_wconf 85' lang='lat' dir='ltr'>erro,</span> <span class='ocrx_word' id='word_1_202' title='bbox 835 2882 959 2946; x_wconf 76' lang='lat' dir='ltr'>nmraui</span> <span class='ocrx_word' id='word_1_203' title='bbox 982 2900 1110 2947; x_wconf 88' lang='lat' dir='ltr'>oausam</span> <span class='ocrx_word' id='word_1_204' title='bbox 1133 2881 1224 2946; x_wconf 77' lang='lat' dir='ltr'>trabi</span> <span class='ocrx_word' id='word_1_205' title='bbox 1246 2884 1278 2947; x_wconf 86' lang='lat' dir='ltr'>et</span> <span class='ocrx_word' id='word_1_206' title='bbox 1301 2880 1445 2964; x_wconf 82' lang='lat' dir='ltr'>collegae</span> 
     </span>
     <span class='ocr_line' id='line_1_25' title="bbox 273 2986 1444 3070; baseline 0.002 -20"><span class='ocrx_word' id='word_1_207' title='bbox 273 2988 403 3069; x_wconf 20' lang='lat' dir='ltr'>&#39;nostro</span> <span class='ocrx_word' id='word_1_208' title='bbox 432 2986 596 3053; x_wconf 80' lang='lat' dir='ltr'>Sameneio</span> <span class='ocrx_word' id='word_1_209' title='bbox 629 2988 767 3053; x_wconf 89' lang='lat' dir='ltr'>nondum</span> <span class='ocrx_word' id='word_1_210' title='bbox 801 2987 921 3053; x_wconf 67' lang='lat' dir='ltr'>boens.</span> <span class='ocrx_word' id='word_1_211' title='bbox 954 2988 1038 3070; x_wconf 90' lang='lat' dir='ltr'>quod</span> <span class='ocrx_word' id='word_1_212' title='bbox 1070 2988 1147 3054; x_wconf 88' lang='lat' dir='ltr'>mihi</span> <span class='ocrx_word' id='word_1_213' title='bbox 1179 2987 1274 3054; x_wconf 87' lang='lat' dir='ltr'>modo</span> <span class='ocrx_word' id='word_1_214' title='bbox 1304 2986 1444 3054; x_wconf 86' lang='lat' dir='ltr'>uidetur.</span> 
     </span>
     <span class='ocr_line' id='line_1_26' title="bbox 296 3091 1499 3179; baseline -0.002 -24"><span class='ocrx_word' id='word_1_215' title='bbox 296 3091 352 3156; x_wconf 88' lang='lat' dir='ltr'>sed</span> <span class='ocrx_word' id='word_1_216' title='bbox 379 3092 460 3171; x_wconf 89' lang='lat' dir='ltr'>illud</span> <span class='ocrx_word' id='word_1_217' title='bbox 487 3093 596 3176; x_wconf 91' lang='lat' dir='ltr'>potius</span> <span class='ocrx_word' id='word_1_218' title='bbox 623 3094 808 3179; x_wconf 82' lang='lat' dir='ltr'>adiungens.</span> <span class='ocrx_word' id='word_1_219' title='bbox 834 3093 917 3176; x_wconf 90' lang='lat' dir='ltr'>quod</span> <span class='ocrx_word' id='word_1_220' title='bbox 941 3095 1067 3177; x_wconf 81' lang='lat' dir='ltr'>utrique</span> <span class='ocrx_word' id='word_1_221' title='bbox 1091 3098 1232 3159; x_wconf 88' lang='lat' dir='ltr'>nostrum</span> <span class='ocrx_word' id='word_1_222' title='bbox 1258 3092 1363 3159; x_wconf 87' lang='lat' dir='ltr'>uisum</span> <span class='ocrx_word' id='word_1_223' title='bbox 1387 3093 1444 3166; x_wconf 80' lang='lat' dir='ltr'>sit,</span> <span class='ocrx_word' id='word_1_224' title='bbox 1464 3113 1499 3153; x_wconf 76' lang='lat' dir='ltr'>ss</span> 
     </span>
     <span class='ocr_line' id='line_1_27' title="bbox 297 3198 1445 3283; baseline 0.002 -22"><span class='ocrx_word' id='word_1_225' title='bbox 297 3218 368 3261; x_wconf 81' lang='lat' dir='ltr'>curn</span> <span class='ocrx_word' id='word_1_226' title='bbox 401 3198 467 3263; x_wconf 87' lang='lat' dir='ltr'>illie</span> <span class='ocrx_word' id='word_1_227' title='bbox 499 3200 730 3265; x_wconf 83' lang='lat' dir='ltr'>resisteremus.</span> <span class='ocrx_word' id='word_1_228' title='bbox 767 3200 973 3267; x_wconf 83' lang='lat' dir='ltr'>uehementer</span> <span class='ocrx_word' id='word_1_229' title='bbox 1005 3200 1165 3266; x_wconf 83' lang='lat' dir='ltr'>exhorruit</span> <span class='ocrx_word' id='word_1_230' title='bbox 1195 3204 1229 3265; x_wconf 90' lang='lat' dir='ltr'>et</span> <span class='ocrx_word' id='word_1_231' title='bbox 1258 3199 1350 3265; x_wconf 88' lang='lat' dir='ltr'>nobis</span> <span class='ocrx_word' id='word_1_232' title='bbox 1381 3199 1445 3283; x_wconf 81' lang='lat' dir='ltr'>boo</span> 
     </span>
     <span class='ocr_line' id='line_1_28' title="bbox 296 3305 1446 3389; baseline 0 -20"><span class='ocrx_word' id='word_1_233' title='bbox 296 3305 403 3369; x_wconf 85' lang='lat' dir='ltr'>nisnnr</span> <span class='ocrx_word' id='word_1_234' title='bbox 441 3325 510 3381; x_wconf 77' lang='lat' dir='ltr'>esse</span> <span class='ocrx_word' id='word_1_235' title='bbox 547 3318 680 3371; x_wconf 79' lang='lat' dir='ltr'>innatus</span> <span class='ocrx_word' id='word_1_236' title='bbox 718 3308 768 3371; x_wconf 88' lang='lat' dir='ltr'>est</span> <span class='ocrx_word' id='word_1_237' title='bbox 803 3306 890 3369; x_wconf 89' lang='lat' dir='ltr'>nulla</span> <span class='ocrx_word' id='word_1_238' title='bbox 928 3325 960 3371; x_wconf 90' lang='lat' dir='ltr'>re</span> <span class='ocrx_word' id='word_1_239' title='bbox 992 3306 1055 3371; x_wconf 87' lang='lat' dir='ltr'>alia</span> <span class='ocrx_word' id='word_1_240' title='bbox 1086 3312 1246 3389; x_wconf 82' lang='lat' dir='ltr'>pennotus</span> <span class='ocrx_word' id='word_1_241' title='bbox 1280 3307 1341 3372; x_wconf 89' lang='lat' dir='ltr'>nisi</span> <span class='ocrx_word' id='word_1_242' title='bbox 1372 3306 1446 3388; x_wconf 83' lang='lat' dir='ltr'>ipss</span> 
     </span>
    </p>
   </div>
   <div class='ocr_carea' id='block_1_5' title="bbox 390 3615 665 3680">
    <p class='ocr_par' dir='ltr' id='par_1_5' title="bbox 390 3615 665 3680">
     <span class='ocr_line' id='line_1_29' title="bbox 390 3615 665 3680; baseline 0.004 -11"><span class='ocrx_word' id='word_1_243' title='bbox 390 3616 421 3671; x_wconf 80' lang='lat'>17</span> <span class='ocrx_word' id='word_1_244' title='bbox 441 3615 454 3669; x_wconf 89' lang='lat'>1</span> <span class='ocrx_word' id='word_1_245' title='bbox 473 3615 565 3670; x_wconf 75' lang='lat' dir='ltr'>&#39;lineas</span> <span class='ocrx_word' id='word_1_246' title='bbox 586 3618 611 3680; x_wconf 86' lang='lat'>5,</span> <span class='ocrx_word' id='word_1_247' title='bbox 631 3617 665 3670; x_wconf 77' lang='lat'>22</span> 
     </span>
    </p>
   </div>
   <div class='ocr_carea' id='block_1_6' title="bbox 299 3788 1453 4291">
    <p class='ocr_par' dir='ltr' id='par_1_6' title="bbox 299 3788 1453 4291">
     <span class='ocr_line' id='line_1_30' title="bbox 334 3788 1448 3864; baseline 0.003 -20"><span class='ocrx_word' id='word_1_248' title='bbox 334 3791 476 3860; x_wconf 83' lang='lat' dir='ltr'>2sernper</span> <span class='ocrx_word' id='word_1_249' title='bbox 493 3789 594 3845; x_wconf 73' lang='lat' dir='ltr'>onnU</span> <span class='ocrx_word' id='word_1_250' title='bbox 647 3792 743 3843; x_wconf 77' lang='lat' dir='ltr'>bunut</span> <span class='ocrx_word' id='word_1_251' title='bbox 760 3788 815 3845; x_wconf 68' lang='grc' dir='ltr'>ΥΠ</span> <span class='ocrx_word' id='word_1_252' title='bbox 862 3789 1039 3860; x_wconf 87' lang='lat' dir='ltr'>6possidsnt</span> <span class='ocrx_word' id='word_1_253' title='bbox 1057 3789 1112 3843; x_wconf 80' lang='lat' dir='ltr'>VU</span> <span class='ocrx_word' id='word_1_254' title='bbox 1160 3789 1343 3864; x_wconf 74' lang='lat' dir='ltr'>iordinntur]</span> <span class='ocrx_word' id='word_1_255' title='bbox 1362 3791 1448 3848; x_wconf 79' lang='lat' dir='ltr'>inerit</span> 
     </span>
     <span class='ocr_line' id='line_1_31' title="bbox 299 3876 1448 3950; baseline -0.002 -19"><span class='ocrx_word' id='word_1_256' title='bbox 299 3883 383 3947; x_wconf 68' lang='lat' dir='ltr'>resp.)</span> <span class='ocrx_word' id='word_1_257' title='bbox 403 3877 543 3931; x_wconf 85' lang='lat' dir='ltr'>ordinatur</span> <span class='ocrx_word' id='word_1_258' title='bbox 561 3876 586 3932; x_wconf 82' lang='lat' dir='ltr'><strong><em>U</em></strong></span> <span class='ocrx_word' id='word_1_259' title='bbox 656 3876 869 3932; x_wconf 75' lang='lat' dir='ltr'>rid-ordinatur</span> <span class='ocrx_word' id='word_1_260' title='bbox 883 3894 933 3932; x_wconf 75' lang='lat' dir='ltr'>ona</span> <span class='ocrx_word' id='word_1_261' title='bbox 954 3878 1008 3933; x_wconf 88' lang='lat' dir='ltr'>VU</span> <span class='ocrx_word' id='word_1_262' title='bbox 1058 3880 1087 3931; x_wconf 89' lang='lat' dir='ltr'>ll</span> <span class='ocrx_word' id='word_1_263' title='bbox 1105 3877 1290 3950; x_wconf 84' lang='lat' dir='ltr'>donationem]</span> <span class='ocrx_word' id='word_1_264' title='bbox 1305 3885 1348 3935; x_wconf 74' lang='lat' dir='ltr'>trs</span> <span class='ocrx_word' id='word_1_265' title='bbox 1363 3885 1448 3950; x_wconf 68' lang='lat' dir='ltr'>(erp.</span> 
     </span>
     <span class='ocr_line' id='line_1_32' title="bbox 299 3966 1453 4036; baseline 0.001 -16"><span class='ocrx_word' id='word_1_266' title='bbox 299 3966 524 4023; x_wconf 79' lang='lat' dir='ltr'>donationemU</span> <span class='ocrx_word' id='word_1_267' title='bbox 602 3968 634 4021; x_wconf 84' lang='lat'>13</span> <span class='ocrx_word' id='word_1_268' title='bbox 653 3966 792 4021; x_wconf 68' lang='grc' dir='ltr'>ΧΧΧ“Τ</span> <span class='ocrx_word' id='word_1_269' title='bbox 870 3967 905 4021; x_wconf 81' lang='grc'>20</span> <span class='ocrx_word' id='word_1_270' title='bbox 923 3968 1026 4036; x_wconf 83' lang='lat' dir='ltr'>spetiss</span> <span class='ocrx_word' id='word_1_271' title='bbox 1044 3971 1143 4036; x_wconf 76' lang='lat' dir='ltr'>(posis.</span> <span class='ocrx_word' id='word_1_272' title='bbox 1163 3966 1181 4023; x_wconf 79' lang='lat'>1.</span> <span class='ocrx_word' id='word_1_273' title='bbox 1200 3972 1265 4021; x_wconf 63' lang='grc' dir='ltr'><em>Μ</em></span> <span class='ocrx_word' id='word_1_274' title='bbox 1281 3971 1311 4022; x_wconf 77' lang='lat' dir='ltr'>in</span> <span class='ocrx_word' id='word_1_275' title='bbox 1330 3986 1399 4024; x_wconf 75' lang='lat' dir='ltr'>rus·</span> <span class='ocrx_word' id='word_1_276' title='bbox 1424 3971 1453 4021; x_wconf 69' lang='grc' dir='ltr'>Γ</span> 
     </span>
     <span class='ocr_line' id='line_1_33' title="bbox 300 4040 1449 4133; baseline 0.001 -22"><span class='ocrx_word' id='word_1_277' title='bbox 300 4058 336 4111; x_wconf 78' lang='lat'>22</span> <span class='ocrx_word' id='word_1_278' title='bbox 354 4055 418 4125; x_wconf 89' lang='lat' dir='ltr'>quid</span> <span class='ocrx_word' id='word_1_279' title='bbox 439 4062 468 4125; x_wconf 85' lang='lat' dir='ltr'>(q</span> <span class='ocrx_word' id='word_1_280' title='bbox 486 4072 520 4110; x_wconf 74' lang='lat' dir='ltr'>ex</span> <span class='ocrx_word' id='word_1_281' title='bbox 537 4055 564 4125; x_wconf 83' lang='lat' dir='ltr'>f)</span> <span class='ocrx_word' id='word_1_282' title='bbox 587 4056 614 4110; x_wconf 83' lang='lat' dir='ltr'><em>U</em></span> <span class='ocrx_word' id='word_1_283' title='bbox 665 4040 773 4110; x_wconf 62' lang='lat' dir='ltr'>fallerer</span> <span class='ocrx_word' id='word_1_284' title='bbox 792 4060 891 4125; x_wconf 74' lang='lat' dir='ltr'>(posu.</span> <span class='ocrx_word' id='word_1_285' title='bbox 912 4056 929 4109; x_wconf 80' lang='lat' dir='ltr'>l.</span> <span class='ocrx_word' id='word_1_286' title='bbox 948 4056 979 4109; x_wconf 81' lang='lat' dir='ltr'>in</span> <span class='ocrx_word' id='word_1_287' title='bbox 997 4072 1106 4119; x_wconf 62' lang='lat' dir='ltr'>rnen.</span> <span class='ocrx_word' id='word_1_288' title='bbox 1117 4060 1143 4126; x_wconf 76' lang='lat'>1)</span> <span class='ocrx_word' id='word_1_289' title='bbox 1162 4055 1187 4109; x_wconf 81' lang='lat' dir='ltr'><em>V</em></span> <span class='ocrx_word' id='word_1_290' title='bbox 1209 4128 1211 4133; x_wconf 9' lang='grc' dir='ltr'>Χ</span> <span class='ocrx_word' id='word_1_291' title='bbox 1230 4057 1264 4110; x_wconf 77' lang='grc'>23</span> <span class='ocrx_word' id='word_1_292' title='bbox 1283 4073 1341 4129; x_wconf 80' lang='lat' dir='ltr'>atro</span> <span class='ocrx_word' id='word_1_293' title='bbox 1358 4059 1449 4128; x_wconf 59' lang='lat' dir='ltr'>(porr.</span> 
     </span>
     <span class='ocr_line' id='line_1_34' title="bbox 300 4142 1453 4213; baseline -0.001 -16"><span class='ocrx_word' id='word_1_294' title='bbox 300 4149 485 4209; x_wconf 63' lang='lat' dir='ltr'>rexerim)</span> <span class='ocrx_word' id='word_1_295' title='bbox 505 4144 533 4199; x_wconf 86' lang='lat' dir='ltr'><em>R</em></span> <span class='ocrx_word' id='word_1_296' title='bbox 623 4144 657 4198; x_wconf 78' lang='lat'>24</span> <span class='ocrx_word' id='word_1_297' title='bbox 676 4146 781 4213; x_wconf 77' lang='lat' dir='ltr'>nostro]</span> <span class='ocrx_word' id='word_1_298' title='bbox 800 4160 860 4197; x_wconf 83' lang='lat' dir='ltr'>ineo</span> <span class='ocrx_word' id='word_1_299' title='bbox 883 4142 912 4196; x_wconf 83' lang='lat' dir='ltr'><em>H</em></span> <span class='ocrx_word' id='word_1_300' title='bbox 1001 4144 1129 4197; x_wconf 74' lang='lat' dir='ltr'>sententio</span> <span class='ocrx_word' id='word_1_301' title='bbox 1148 4142 1181 4197; x_wconf 89' lang='grc' dir='ltr'><em>Η</em></span> <span class='ocrx_word' id='word_1_302' title='bbox 1197 4146 1319 4199; x_wconf 77' lang='lat' dir='ltr'>senentio</span> <span class='ocrx_word' id='word_1_303' title='bbox 1341 4145 1453 4201; x_wconf 78' lang='lat' dir='ltr'>&#39;I&#39;RI&#39;I&#39;</span> 
     </span>
     <span class='ocr_line' id='line_1_35' title="bbox 334 4232 1216 4291; baseline 0.006 -5"><span class='ocrx_word' id='word_1_304' title='bbox 334 4233 416 4291; x_wconf 86' lang='lat' dir='ltr'>modo</span> <span class='ocrx_word' id='word_1_305' title='bbox 434 4248 485 4287; x_wconf 72' lang='lat' dir='ltr'>our</span> <span class='ocrx_word' id='word_1_306' title='bbox 510 4232 566 4286; x_wconf 82' lang='grc' dir='ltr'>ΤΗ</span> <span class='ocrx_word' id='word_1_307' title='bbox 618 4235 652 4288; x_wconf 69' lang='lat' dir='ltr'>ub</span> <span class='ocrx_word' id='word_1_308' title='bbox 671 4234 721 4288; x_wconf 83' lang='lat' dir='ltr'>boc</span> <span class='ocrx_word' id='word_1_309' title='bbox 739 4234 865 4289; x_wconf 87' lang='lat' dir='ltr'>nobisU</span> <span class='ocrx_word' id='word_1_310' title='bbox 1215 4240 1216 4245; x_wconf 73' lang='grc'>’</span> 
     </span>
    </p>
   </div>
   <div class='ocr_carea' id='block_1_7' title="bbox 0 0 1681 4867">
    <p class='ocr_par' dir='ltr' id='par_1_7' title="bbox 0 0 1681 4867">
     <span class='ocr_line' id='line_1_36' title="bbox 0 0 1681 4867; baseline 0 0"><span class='ocrx_word' id='word_1_311' title='bbox 0 0 1681 4867; x_wconf 95' lang='lat' dir='ltr'> </span> 
     </span>
    </p>
   </div>
  </div>
 </body>
</html>
