<?xml version="1.0" encoding="UTF-8"?>
<!DOCTYPE html PUBLIC "-//W3C//DTD XHTML 1.0 Transitional//EN"
    "http://www.w3.org/TR/xhtml1/DTD/xhtml1-transitional.dtd">
<html xmlns="http://www.w3.org/1999/xhtml" xml:lang="en" lang="en">
 <head>
  <title>
</title>
<meta http-equiv="Content-Type" content="text/html;charset=utf-8" />
  <meta name='ocr-system' content='tesseract 3.04.00' />
  <meta name='ocr-capabilities' content='ocr_page ocr_carea ocr_par ocr_line ocrx_word'/>
</head>
<body>
  <div class='ocr_page' id='page_1' title='image "./savreliavgvstin00goldgoog_0239.png"; bbox 0 0 3309 4867; ppageno 0'>
   <div class='ocr_carea' id='block_1_1' title="bbox 630 340 1455 411">
    <p class='ocr_par' dir='ltr' id='par_1_1' title="bbox 630 340 1455 411">
     <span class='ocr_line' id='line_1_1' title="bbox 630 340 1455 411; baseline 0.016 -20"><span class='ocrx_word' id='word_1_1' title='bbox 630 340 898 410; x_wconf 85' lang='lat' dir='ltr'><strong>epistularum</strong></span> <span class='ocrx_word' id='word_1_2' title='bbox 925 340 1134 397; x_wconf 55' lang='lat' dir='ltr'><strong>Lvnquvm</strong></span> <span class='ocrx_word' id='word_1_3' title='bbox 1392 347 1455 411; x_wconf 81' lang='lat'><strong>217</strong></span> 
     </span>
    </p>
   </div>
   <div class='ocr_carea' id='block_1_2' title="bbox 197 533 1483 3065">
    <p class='ocr_par' dir='ltr' id='par_1_2' title="bbox 275 533 1477 1265">
     <span class='ocr_line' id='line_1_2' title="bbox 307 533 1456 628; baseline 0.003 -30"><span class='ocrx_word' id='word_1_4' title='bbox 307 553 460 617; x_wconf 85' lang='lat' dir='ltr'><strong>mumque</strong></span> <span class='ocrx_word' id='word_1_5' title='bbox 477 533 632 628; x_wconf 74' lang='lat' dir='ltr'><strong>fecerunt,</strong></span> <span class='ocrx_word' id='word_1_6' title='bbox 651 552 754 616; x_wconf 90' lang='lat' dir='ltr'><strong>neque</strong></span> <span class='ocrx_word' id='word_1_7' title='bbox 773 534 910 611; x_wconf 74' lang='lat' dir='ltr'><strong>enimsi</strong></span> <span class='ocrx_word' id='word_1_8' title='bbox 929 533 1046 599; x_wconf 80' lang='lat' dir='ltr'>cotidie</span> <span class='ocrx_word' id='word_1_9' title='bbox 1063 533 1179 602; x_wconf 75' lang='lat' dir='ltr'><strong>faeiem</strong></span> <span class='ocrx_word' id='word_1_10' title='bbox 1197 540 1286 602; x_wconf 89' lang='lat' dir='ltr'><strong>tuam</strong></span> <span class='ocrx_word' id='word_1_11' title='bbox 1305 537 1456 616; x_wconf 84' lang='lat' dir='ltr'><strong>uiderem,</strong></span> 
     </span>
     <span class='ocr_line' id='line_1_3' title="bbox 308 638 1458 725; baseline 0.004 -21"><span class='ocrx_word' id='word_1_12' title='bbox 308 641 412 706; x_wconf 91' lang='lat' dir='ltr'><strong>notior</strong></span> <span class='ocrx_word' id='word_1_13' title='bbox 432 639 513 706; x_wconf 88' lang='lat' dir='ltr'><strong>mihi</strong></span> <span class='ocrx_word' id='word_1_14' title='bbox 536 658 635 716; x_wconf 81' lang='lat' dir='ltr'><strong>esses,</strong></span> <span class='ocrx_word' id='word_1_15' title='bbox 658 658 766 725; x_wconf 87' lang='lat' dir='ltr'><strong>quam</strong></span> <span class='ocrx_word' id='word_1_16' title='bbox 782 657 856 704; x_wconf 92' lang='lat' dir='ltr'><strong>curn</strong></span> <span class='ocrx_word' id='word_1_17' title='bbox 878 638 1060 707; x_wconf 89' lang='lat' dir='ltr'><strong>interiorem</strong></span> <span class='ocrx_word' id='word_1_18' title='bbox 1083 644 1175 706; x_wconf 90' lang='lat' dir='ltr'><strong>tuum</strong></span> <span class='ocrx_word' id='word_1_19' title='bbox 1199 642 1289 724; x_wconf 86' lang='lat' dir='ltr'><strong>pacis</strong></span> <span class='ocrx_word' id='word_1_20' title='bbox 1312 643 1458 709; x_wconf 87' lang='lat' dir='ltr'><strong>decorem</strong></span> 
     </span>
     <span class='ocr_line' id='line_1_4' title="bbox 308 737 1477 830; baseline 0.005 -18"><span class='ocrx_word' id='word_1_21' title='bbox 308 747 477 830; x_wconf 87' lang='lat' dir='ltr'><strong>pulchrum</strong></span> <span class='ocrx_word' id='word_1_22' title='bbox 504 765 541 812; x_wconf 86' lang='lat' dir='ltr'><strong>ac</strong></span> <span class='ocrx_word' id='word_1_23' title='bbox 568 746 715 824; x_wconf 87' lang='lat' dir='ltr'><strong>ueritatis</strong></span> <span class='ocrx_word' id='word_1_24' title='bbox 741 748 815 812; x_wconf 88' lang='lat' dir='ltr'><strong>luce</strong></span> <span class='ocrx_word' id='word_1_25' title='bbox 843 737 1019 813; x_wconf 78' lang='lat' dir='ltr'>radiantem</span> <span class='ocrx_word' id='word_1_26' title='bbox 1042 747 1073 812; x_wconf 94' lang='lat' dir='ltr'><strong>in</strong></span> <span class='ocrx_word' id='word_1_27' title='bbox 1098 748 1194 814; x_wconf 89' lang='lat' dir='ltr'><strong>unius</strong></span> <span class='ocrx_word' id='word_1_28' title='bbox 1216 749 1265 814; x_wconf 83' lang='lat' dir='ltr'><strong>tui</strong></span> <span class='ocrx_word' id='word_1_29' title='bbox 1287 748 1364 816; x_wconf 83' lang='lat' dir='ltr'><strong>facti</strong></span> <span class='ocrx_word' id='word_1_30' title='bbox 1387 769 1477 818; x_wconf 85' lang='lat' dir='ltr'><strong>can--</strong></span> 
     </span>
     <span class='ocr_line' id='line_1_5' title="bbox 308 853 1458 946; baseline 0.003 -27"><span class='ocrx_word' id='word_1_31' title='bbox 308 854 382 919; x_wconf 91' lang='lat' dir='ltr'><strong>dore</strong></span> <span class='ocrx_word' id='word_1_32' title='bbox 419 853 578 938; x_wconf 80' lang='lat' dir='ltr'><strong>conspexi,</strong></span> <span class='ocrx_word' id='word_1_33' title='bbox 612 854 759 946; x_wconf 74' lang='lat' dir='ltr'><strong>conspexi</strong></span> <span class='ocrx_word' id='word_1_34' title='bbox 790 856 826 926; x_wconf 84' lang='lat' dir='ltr'><strong>et</strong></span> <span class='ocrx_word' id='word_1_35' title='bbox 857 854 984 939; x_wconf 80' lang='lat' dir='ltr'><strong>agnem,</strong></span> <span class='ocrx_word' id='word_1_36' title='bbox 1017 854 1133 938; x_wconf 85' lang='lat' dir='ltr'><strong>agnoui</strong></span> <span class='ocrx_word' id='word_1_37' title='bbox 1165 859 1198 919; x_wconf 88' lang='lat' dir='ltr'><strong>et</strong></span> <span class='ocrx_word' id='word_1_38' title='bbox 1229 856 1345 921; x_wconf 82' lang='lat' dir='ltr'><strong>amani.</strong></span> <span class='ocrx_word' id='word_1_39' title='bbox 1382 855 1458 923; x_wconf 85' lang='lat' dir='ltr'><strong>huic</strong></span> 
     </span>
     <span class='ocr_line' id='line_1_6' title="bbox 275 960 1459 1047; baseline 0.006 -27"><span class='ocrx_word' id='word_1_40' title='bbox 275 966 389 1026; x_wconf 72' lang='lat' dir='ltr'><strong>anone</strong></span> <span class='ocrx_word' id='word_1_41' title='bbox 411 961 535 1044; x_wconf 89' lang='lat' dir='ltr'><strong>loquor,</strong></span> <span class='ocrx_word' id='word_1_42' title='bbox 559 960 634 1025; x_wconf 91' lang='lat' dir='ltr'><strong>huic</strong></span> <span class='ocrx_word' id='word_1_43' title='bbox 656 961 762 1026; x_wconf 89' lang='lat' dir='ltr'><strong>scribo</strong></span> <span class='ocrx_word' id='word_1_44' title='bbox 786 960 903 1026; x_wconf 88' lang='lat' dir='ltr'><strong>dilecto</strong></span> <span class='ocrx_word' id='word_1_45' title='bbox 927 961 1028 1026; x_wconf 87' lang='lat' dir='ltr'><strong>amico</strong></span> <span class='ocrx_word' id='word_1_46' title='bbox 1051 980 1134 1040; x_wconf 80' lang='lat' dir='ltr'><strong>meo,</strong></span> <span class='ocrx_word' id='word_1_47' title='bbox 1158 962 1212 1045; x_wconf 88' lang='lat' dir='ltr'><strong>qui</strong></span> <span class='ocrx_word' id='word_1_48' title='bbox 1231 963 1310 1028; x_wconf 82' lang='lat' dir='ltr'><strong>milri</strong></span> <span class='ocrx_word' id='word_1_49' title='bbox 1329 982 1459 1047; x_wconf 88' lang='lat' dir='ltr'><strong>corpore</strong></span> 
     </span>
     <span class='ocr_line' id='line_1_7' title="bbox 308 1060 1460 1160; baseline 0.003 -30"><span class='ocrx_word' id='word_1_50' title='bbox 308 1068 431 1133; x_wconf 75' lang='lat' dir='ltr'><strong>absenti</strong></span> <span class='ocrx_word' id='word_1_51' title='bbox 459 1060 574 1136; x_wconf 86' lang='lat' dir='ltr'><strong>absens</strong></span> <span class='ocrx_word' id='word_1_52' title='bbox 601 1067 753 1160; x_wconf 62' lang='lat' dir='ltr'><strong>innotuit,</strong></span> <span class='ocrx_word' id='word_1_53' title='bbox 784 1086 904 1132; x_wconf 88' lang='lat' dir='ltr'><strong>uerum</strong></span> <span class='ocrx_word' id='word_1_54' title='bbox 925 1073 1032 1132; x_wconf 89' lang='lat' dir='ltr'><strong>autem</strong></span> <span class='ocrx_word' id='word_1_55' title='bbox 1060 1068 1124 1132; x_wconf 86' lang='lat' dir='ltr'><strong>iam</strong></span> <span class='ocrx_word' id='word_1_56' title='bbox 1152 1063 1250 1134; x_wconf 87' lang='lat' dir='ltr'><strong>simul</strong></span> <span class='ocrx_word' id='word_1_57' title='bbox 1277 1088 1401 1134; x_wconf 87' lang='lat' dir='ltr'><strong>eramus</strong></span> <span class='ocrx_word' id='word_1_58' title='bbox 1425 1072 1460 1134; x_wconf 91' lang='lat' dir='ltr'><strong>et</strong></span> 
     </span>
     <span class='ocr_line' id='line_1_8' title="bbox 309 1169 1457 1265; baseline 0.002 -28"><span class='ocrx_word' id='word_1_59' title='bbox 309 1175 470 1240; x_wconf 86' lang='lat' dir='ltr'><strong>coniuncti</strong></span> <span class='ocrx_word' id='word_1_60' title='bbox 501 1174 562 1241; x_wconf 90' lang='lat' dir='ltr'><strong>sub</strong></span> <span class='ocrx_word' id='word_1_61' title='bbox 593 1193 671 1258; x_wconf 51' lang='lat' dir='ltr'><strong>uno¹</strong></span> <span class='ocrx_word' id='word_1_62' title='bbox 690 1174 796 1256; x_wconf 84' lang='lat' dir='ltr'><strong>capite</strong></span> <span class='ocrx_word' id='word_1_63' title='bbox 824 1174 1025 1253; x_wconf 83' lang='lat' dir='ltr'><strong>uiuebamus,</strong></span> <span class='ocrx_word' id='word_1_64' title='bbox 1053 1175 1084 1239; x_wconf 90' lang='lat' dir='ltr'><strong>in</strong></span> <span class='ocrx_word' id='word_1_65' title='bbox 1114 1176 1207 1240; x_wconf 89' lang='lat' dir='ltr'><strong>cuius</strong></span> <span class='ocrx_word' id='word_1_66' title='bbox 1224 1177 1367 1265; x_wconf 64' lang='lat' dir='ltr'><strong>&gt;ceritote</strong></span> <span class='ocrx_word' id='word_1_67' title='bbox 1395 1169 1457 1240; x_wconf 86' lang='lat' dir='ltr'><strong>nisi</strong></span> 
     </span>
    </p>

    <p class='ocr_par' dir='ltr' id='par_1_3' title="bbox 228 1274 1459 1468">
     <span class='ocr_line' id='line_1_9' title="bbox 228 1274 1459 1363; baseline -0.001 -19"><span class='ocrx_word' id='word_1_68' title='bbox 228 1345 232 1352; x_wconf 73' lang='grc'><strong>,</strong></span> <span class='ocrx_word' id='word_1_69' title='bbox 308 1275 468 1361; x_wconf 81' lang='lat' dir='ltr'><strong>radicatus</strong></span> <span class='ocrx_word' id='word_1_70' title='bbox 500 1298 599 1359; x_wconf 78' lang='lat' dir='ltr'><strong>esses,</strong></span> <span class='ocrx_word' id='word_1_71' title='bbox 614 1278 618 1286; x_wconf 82' lang='grc'><em>’</em></span> <span class='ocrx_word' id='word_1_72' title='bbox 632 1298 693 1363; x_wconf 86' lang='lat' dir='ltr'><strong>non</strong></span> <span class='ocrx_word' id='word_1_73' title='bbox 726 1278 787 1343; x_wconf 86' lang='lat' dir='ltr'><strong>tibi</strong></span> <span class='ocrx_word' id='word_1_74' title='bbox 819 1283 886 1345; x_wconf 88' lang='lat' dir='ltr'><strong>tarn</strong></span> <span class='ocrx_word' id='word_1_75' title='bbox 902 1280 1031 1345; x_wconf 88' lang='lat' dir='ltr'><strong>dilecta</strong></span> <span class='ocrx_word' id='word_1_76' title='bbox 1058 1281 1220 1362; x_wconf 84' lang='lat' dir='ltr'><strong>catholice.</strong></span> <span class='ocrx_word' id='word_1_77' title='bbox 1242 1281 1349 1347; x_wconf 80' lang='lat' dir='ltr'><strong>unitus</strong></span> <span class='ocrx_word' id='word_1_78' title='bbox 1374 1274 1459 1348; x_wconf 79' lang='lat' dir='ltr'><strong>toret</strong></span> 
     </span>
     <span class='ocr_line' id='line_1_10' title="bbox 307 1369 1459 1468; baseline 0 -18"><span class='ocrx_word' id='word_1_79' title='bbox 307 1406 364 1451; x_wconf 89' lang='lat' dir='ltr'><strong>nec</strong></span> <span class='ocrx_word' id='word_1_80' title='bbox 388 1388 518 1454; x_wconf 90' lang='lat' dir='ltr'><strong>colonos</strong></span> <span class='ocrx_word' id='word_1_81' title='bbox 540 1389 616 1468; x_wconf 88' lang='lat' dir='ltr'><strong>tuos</strong></span> <span class='ocrx_word' id='word_1_82' title='bbox 639 1386 733 1451; x_wconf 81' lang='lat' dir='ltr'><strong>Afros</strong></span> <span class='ocrx_word' id='word_1_83' title='bbox 758 1405 795 1451; x_wconf 91' lang='lat' dir='ltr'><strong>eo</strong></span> <span class='ocrx_word' id='word_1_84' title='bbox 818 1390 984 1464; x_wconf 87' lang='lat' dir='ltr'><strong>terrarum,</strong></span> <span class='ocrx_word' id='word_1_85' title='bbox 1008 1369 1090 1451; x_wconf 90' lang='lat' dir='ltr'><strong>unde</strong></span> <span class='ocrx_word' id='word_1_86' title='bbox 1109 1386 1347 1453; x_wconf 73' lang='lat' dir='ltr'><strong>Donatistarum</strong></span> <span class='ocrx_word' id='word_1_87' title='bbox 1370 1386 1459 1462; x_wconf 83' lang='lat' dir='ltr'><strong>furor</strong></span> 
     </span>
    </p>

    <p class='ocr_par' dir='ltr' id='par_1_4' title="bbox 264 1491 1470 2009">
     <span class='ocr_line' id='line_1_11' title="bbox 264 1491 1470 1582; baseline 0.003 -29"><span class='ocrx_word' id='word_1_88' title='bbox 264 1498 434 1559; x_wconf 78' lang='lat' dir='ltr'><strong>rossontus</strong></span> <span class='ocrx_word' id='word_1_89' title='bbox 462 1495 523 1569; x_wconf 79' lang='lat' dir='ltr'><strong>est,</strong></span> <span class='ocrx_word' id='word_1_90' title='bbox 551 1493 613 1559; x_wconf 90' lang='lat' dir='ltr'><strong>hoo</strong></span> <span class='ocrx_word' id='word_1_91' title='bbox 641 1497 698 1582; x_wconf 81' lang='lat' dir='ltr'><strong>est</strong></span> <span class='ocrx_word' id='word_1_92' title='bbox 717 1493 749 1558; x_wconf 94' lang='lat' dir='ltr'><strong>in</strong></span> <span class='ocrx_word' id='word_1_93' title='bbox 778 1491 885 1558; x_wconf 85' lang='lat' dir='ltr'><strong>media</strong></span> <span class='ocrx_word' id='word_1_94' title='bbox 906 1493 1065 1566; x_wconf 86' lang='lat' dir='ltr'><strong>consulari</strong></span> <span class='ocrx_word' id='word_1_95' title='bbox 1088 1492 1241 1560; x_wconf 76' lang='lat' dir='ltr'><strong>Numidia</strong></span> <span class='ocrx_word' id='word_1_96' title='bbox 1263 1492 1470 1562; x_wconf 86' lang='lat' dir='ltr'><strong>constitutos</strong></span> 
     </span>
     <span class='ocr_line' id='line_1_12' title="bbox 301 1599 1459 1687; baseline -0.004 -19"><span class='ocrx_word' id='word_1_97' title='bbox 301 1600 365 1668; x_wconf 69' lang='lat' dir='ltr'><strong>&#39;teli</strong></span> <span class='ocrx_word' id='word_1_98' title='bbox 392 1601 576 1665; x_wconf 77' lang='lat' dir='ltr'><strong>admoneres</strong></span> <span class='ocrx_word' id='word_1_99' title='bbox 604 1600 765 1682; x_wconf 85' lang='lat' dir='ltr'><strong>adloquio,</strong></span> <span class='ocrx_word' id='word_1_100' title='bbox 791 1603 884 1668; x_wconf 81' lang='lat' dir='ltr'><strong>tcnto</strong></span> <span class='ocrx_word' id='word_1_101' title='bbox 910 1601 1033 1665; x_wconf 85' lang='lat' dir='ltr'><strong>feruore</strong></span> <span class='ocrx_word' id='word_1_102' title='bbox 1061 1599 1195 1687; x_wconf 88' lang='lat' dir='ltr'><strong>spiritus</strong></span> <span class='ocrx_word' id='word_1_103' title='bbox 1223 1599 1388 1676; x_wconf 80' lang='lat' dir='ltr'><strong>animares,</strong></span> <span class='ocrx_word' id='word_1_104' title='bbox 1421 1603 1459 1663; x_wconf 95' lang='lat' dir='ltr'><strong>ut</strong></span> 
     </span>
     <span class='ocr_line' id='line_1_13' title="bbox 308 1705 1457 1791; baseline 0.004 -20"><span class='ocrx_word' id='word_1_105' title='bbox 308 1707 477 1786; x_wconf 69' lang='lat' dir='ltr'><strong>deuotione</strong></span> <span class='ocrx_word' id='word_1_106' title='bbox 491 1706 732 1789; x_wconf 85' lang='lat' dir='ltr'><strong>promptissime</strong></span> <span class='ocrx_word' id='word_1_107' title='bbox 744 1707 784 1772; x_wconf 86' lang='lat' dir='ltr'><strong>ed</strong></span> <span class='ocrx_word' id='word_1_108' title='bbox 798 1707 993 1790; x_wconf 87' lang='lat' dir='ltr'><strong>sequendum</strong></span> <span class='ocrx_word' id='word_1_109' title='bbox 1007 1706 1171 1791; x_wconf 73' lang='lat' dir='ltr'><strong>eligerent</strong></span> <span class='ocrx_word' id='word_1_110' title='bbox 1187 1705 1273 1790; x_wconf 91' lang='lat' dir='ltr'><strong>quod</strong></span> <span class='ocrx_word' id='word_1_111' title='bbox 1286 1710 1318 1771; x_wconf 89' lang='lat' dir='ltr'><strong>te</strong></span> <span class='ocrx_word' id='word_1_112' title='bbox 1332 1708 1457 1776; x_wconf 83' lang='lat' dir='ltr'><strong>tantum</strong></span> 
     </span>
     <span class='ocr_line' id='line_1_14' title="bbox 308 1812 1461 1906; baseline -0.002 -30"><span class='ocrx_word' id='word_1_113' title='bbox 308 1830 344 1878; x_wconf 87' lang='lat' dir='ltr'><strong>ac</strong></span> <span class='ocrx_word' id='word_1_114' title='bbox 370 1814 469 1880; x_wconf 83' lang='lat' dir='ltr'><strong>talem</strong></span> <span class='ocrx_word' id='word_1_115' title='bbox 495 1814 604 1878; x_wconf 86' lang='lat' dir='ltr'><strong>uinum</strong></span> <span class='ocrx_word' id='word_1_116' title='bbox 632 1832 695 1884; x_wconf 90' lang='lat' dir='ltr'><strong>non</strong></span> <span class='ocrx_word' id='word_1_117' title='bbox 723 1813 785 1878; x_wconf 90' lang='lat' dir='ltr'><strong>nisi</strong></span> <span class='ocrx_word' id='word_1_118' title='bbox 809 1814 918 1898; x_wconf 82' lang='lat' dir='ltr'><strong>agnita</strong></span> <span class='ocrx_word' id='word_1_119' title='bbox 941 1813 1075 1878; x_wconf 86' lang='lat' dir='ltr'><strong>ueritate</strong></span> <span class='ocrx_word' id='word_1_120' title='bbox 1099 1813 1190 1896; x_wconf 83' lang='lat' dir='ltr'><strong>sequi</strong></span> <span class='ocrx_word' id='word_1_121' title='bbox 1214 1812 1400 1898; x_wconf 78' lang='lat' dir='ltr'><strong>cogitarent,</strong></span> <span class='ocrx_word' id='word_1_122' title='bbox 1425 1821 1461 1906; x_wconf 83' lang='lat' dir='ltr'><strong>et</strong></span> 
     </span>
     <span class='ocr_line' id='line_1_15' title="bbox 307 1917 1456 2009; baseline -0.003 -21"><span class='ocrx_word' id='word_1_123' title='bbox 307 1921 376 1988; x_wconf 74' lang='lat' dir='ltr'><strong>tam</strong></span> <span class='ocrx_word' id='word_1_124' title='bbox 390 1921 496 2009; x_wconf 75' lang='lat' dir='ltr'><strong>¹louge</strong></span> <span class='ocrx_word' id='word_1_125' title='bbox 523 1921 543 1984; x_wconf 84' lang='lat' dir='ltr'><strong>&#39;a</strong></span> <span class='ocrx_word' id='word_1_126' title='bbox 570 1924 605 1985; x_wconf 88' lang='lat' dir='ltr'><strong>te</strong></span> <span class='ocrx_word' id='word_1_127' title='bbox 629 1920 772 2007; x_wconf 78' lang='lat' dir='ltr'><strong>locorum</strong></span> <span class='ocrx_word' id='word_1_128' title='bbox 794 1917 985 1990; x_wconf 75' lang='lat' dir='ltr'><strong>vinteruallis</strong></span> <span class='ocrx_word' id='word_1_129' title='bbox 1017 1919 1132 1985; x_wconf 84' lang='lat' dir='ltr'><strong>remoti</strong></span> <span class='ocrx_word' id='word_1_130' title='bbox 1163 1921 1246 2004; x_wconf 88' lang='lat' dir='ltr'><strong>irent</strong></span> <span class='ocrx_word' id='word_1_131' title='bbox 1277 1919 1337 1984; x_wconf 86' lang='lat' dir='ltr'><strong>sub</strong></span> <span class='ocrx_word' id='word_1_132' title='bbox 1369 1917 1456 1987; x_wconf 88' lang='lat' dir='ltr'><strong>idem</strong></span> 
     </span>
    </p>

    <p class='ocr_par' dir='ltr' id='par_1_5' title="bbox 264 2011 1483 2118">
     <span class='ocr_line' id='line_1_16' title="bbox 264 2011 1483 2118; baseline -0.002 -27"><span class='ocrx_word' id='word_1_133' title='bbox 264 2043 289 2083; x_wconf 80' lang='lat' dir='ltr'><strong>u</strong></span> <span class='ocrx_word' id='word_1_134' title='bbox 308 2011 404 2110; x_wconf 83' lang='lat' dir='ltr'><strong>caput</strong></span> <span class='ocrx_word' id='word_1_135' title='bbox 426 2029 522 2109; x_wconf 85' lang='lat' dir='ltr'><strong>atque</strong></span> <span class='ocrx_word' id='word_1_136' title='bbox 544 2028 577 2091; x_wconf 91' lang='lat' dir='ltr'><strong>in</strong></span> <span class='ocrx_word' id='word_1_137' title='bbox 601 2027 671 2091; x_wconf 90' lang='lat' dir='ltr'><strong>eius</strong></span> <span class='ocrx_word' id='word_1_138' title='bbox 690 2026 842 2118; x_wconf 85' lang='lat' dir='ltr'><strong>membris</strong></span> <span class='ocrx_word' id='word_1_139' title='bbox 860 2029 969 2092; x_wconf 88' lang='lat' dir='ltr'><strong>tecum</strong></span> <span class='ocrx_word' id='word_1_140' title='bbox 986 2026 1019 2091; x_wconf 90' lang='lat' dir='ltr'><strong>in</strong></span> <span class='ocrx_word' id='word_1_141' title='bbox 1037 2030 1201 2093; x_wconf 87' lang='lat' dir='ltr'><strong>aeternum</strong></span> <span class='ocrx_word' id='word_1_142' title='bbox 1220 2024 1456 2110; x_wconf 70' lang='lat' dir='ltr'><strong>deputarentur,</strong></span> <span class='ocrx_word' id='word_1_143' title='bbox 1470 2062 1483 2067; x_wconf 29' lang='lat'><strong>*-</strong></span> 
     </span>
    </p>

    <p class='ocr_par' dir='ltr' id='par_1_6' title="bbox 197 2115 1095 2216">
     <span class='ocr_line' id='line_1_17' title="bbox 197 2115 1095 2216; baseline 0.001 -21"><span class='ocrx_word' id='word_1_144' title='bbox 197 2177 221 2195; x_wconf 74' lang='grc'>.</span> <span class='ocrx_word' id='word_1_145' title='bbox 308 2115 400 2197; x_wconf 88' lang='lat' dir='ltr'><strong>onius</strong></span> <span class='ocrx_word' id='word_1_146' title='bbox 422 2136 592 2216; x_wconf 81' lang='lat' dir='ltr'><strong>praecepto</strong></span> <span class='ocrx_word' id='word_1_147' title='bbox 616 2132 675 2204; x_wconf 83' lang='lat' dir='ltr'><strong>tibi</strong></span> <span class='ocrx_word' id='word_1_148' title='bbox 696 2127 917 2213; x_wconf 72' lang='lat' dir='ltr'><strong>vtemporaliter</strong></span> <span class='ocrx_word' id='word_1_149' title='bbox 940 2132 1095 2196; x_wconf 85' lang='lat' dir='ltr'><strong>seruiunt.</strong></span> 
     </span>
    </p>

    <p class='ocr_par' dir='ltr' id='par_1_7' title="bbox 219 2223 1457 2545">
     <span class='ocr_line' id='line_1_18' title="bbox 219 2223 1457 2328; baseline -0.002 -24"><span class='ocrx_word' id='word_1_150' title='bbox 219 2229 239 2292; x_wconf 80' lang='lat'><strong>2</strong></span> <span class='ocrx_word' id='word_1_151' title='bbox 291 2253 293 2256; x_wconf 78' lang='grc'>’</span> <span class='ocrx_word' id='word_1_152' title='bbox 351 2237 392 2304; x_wconf 79' lang='lat' dir='ltr'><strong>In</strong></span> <span class='ocrx_word' id='word_1_153' title='bbox 412 2239 472 2320; x_wconf 87' lang='lat' dir='ltr'><strong>hoc</strong></span> <span class='ocrx_word' id='word_1_154' title='bbox 491 2254 569 2322; x_wconf 73' lang='lat' dir='ltr'><strong>&#39;ergo</strong></span> <span class='ocrx_word' id='word_1_155' title='bbox 593 2226 651 2328; x_wconf 83' lang='lat' dir='ltr'><strong>tun</strong></span> <span class='ocrx_word' id='word_1_156' title='bbox 674 2223 758 2303; x_wconf 85' lang='lat' dir='ltr'><strong>fecto</strong></span> <span class='ocrx_word' id='word_1_157' title='bbox 781 2226 815 2304; x_wconf 82' lang='lat' dir='ltr'><strong>te</strong></span> <span class='ocrx_word' id='word_1_158' title='bbox 839 2238 1003 2323; x_wconf 79' lang='lat' dir='ltr'><strong>cognitum</strong></span> <span class='ocrx_word' id='word_1_159' title='bbox 1027 2237 1221 2320; x_wconf 87' lang='lat' dir='ltr'><strong>amplectens</strong></span> <span class='ocrx_word' id='word_1_160' title='bbox 1245 2237 1396 2316; x_wconf 79' lang='lat' dir='ltr'><strong>erudiam,</strong></span> <span class='ocrx_word' id='word_1_161' title='bbox 1419 2239 1457 2303; x_wconf 88' lang='lat' dir='ltr'><strong>nt</strong></span> 
     </span>
     <span class='ocr_line' id='line_1_19' title="bbox 307 2343 1456 2429; baseline 0.004 -20"><span class='ocrx_word' id='word_1_162' title='bbox 307 2348 483 2429; x_wconf 80' lang='lat' dir='ltr'><strong>gratularer</strong></span> <span class='ocrx_word' id='word_1_163' title='bbox 518 2343 579 2410; x_wconf 89' lang='lat' dir='ltr'><strong>tibi</strong></span> <span class='ocrx_word' id='word_1_164' title='bbox 612 2344 647 2409; x_wconf 74' lang='lat' dir='ltr'><strong>&#39;in</strong></span> <span class='ocrx_word' id='word_1_165' title='bbox 680 2343 807 2412; x_wconf 75' lang='lat' dir='ltr'><strong>Christo</strong></span> <span class='ocrx_word' id='word_1_166' title='bbox 839 2344 914 2410; x_wconf 84' lang='lat' dir='ltr'><strong>Iesu</strong></span> <span class='ocrx_word' id='word_1_167' title='bbox 946 2345 1072 2411; x_wconf 89' lang='lat' dir='ltr'><strong>domino</strong></span> <span class='ocrx_word' id='word_1_168' title='bbox 1097 2348 1212 2411; x_wconf 75' lang='lat' dir='ltr'><strong>vnostro</strong></span> <span class='ocrx_word' id='word_1_169' title='bbox 1243 2344 1366 2428; x_wconf 89' lang='lat' dir='ltr'><strong>tibique</strong></span> <span class='ocrx_word' id='word_1_170' title='bbox 1397 2344 1456 2414; x_wconf 82' lang='lat' dir='ltr'><strong>has</strong></span> 
     </span>
     <span class='ocr_line' id='line_1_20' title="bbox 308 2435 1457 2545; baseline -0.002 -29"><span class='ocrx_word' id='word_1_171' title='bbox 308 2451 533 2541; x_wconf 77' lang='lat' dir='ltr'><strong>gratulatorias</strong></span> <span class='ocrx_word' id='word_1_172' title='bbox 545 2438 683 2516; x_wconf 79' lang='lat' dir='ltr'><strong>litteras</strong></span> <span class='ocrx_word' id='word_1_173' title='bbox 707 2435 871 2542; x_wconf 41' lang='lat' dir='ltr'><strong>‘mitterem</strong></span> <span class='ocrx_word' id='word_1_174' title='bbox 900 2452 1131 2545; x_wconf 86' lang='lat' dir='ltr'><strong>qualecumque</strong></span> <span class='ocrx_word' id='word_1_175' title='bbox 1160 2452 1320 2534; x_wconf 78' lang='lat' dir='ltr'><strong>specimen</strong></span> <span class='ocrx_word' id='word_1_176' title='bbox 1350 2450 1457 2519; x_wconf 86' lang='lat' dir='ltr'><strong>cordis</strong></span> 
     </span>
    </p>

    <p class='ocr_par' dir='ltr' id='par_1_8' title="bbox 256 2547 1471 3065">
     <span class='ocr_line' id='line_1_21' title="bbox 256 2547 1456 2648; baseline -0.001 -26"><span class='ocrx_word' id='word_1_177' title='bbox 256 2577 288 2615; x_wconf 69' lang='lat' dir='ltr'><strong>eo</strong></span> <span class='ocrx_word' id='word_1_178' title='bbox 308 2561 340 2623; x_wconf 82' lang='lat' dir='ltr'><strong>et</strong></span> <span class='ocrx_word' id='word_1_179' title='bbox 362 2558 477 2648; x_wconf 83' lang='lat' dir='ltr'><strong>amoris</strong></span> <span class='ocrx_word' id='word_1_180' title='bbox 497 2576 572 2643; x_wconf 83' lang='lat' dir='ltr'><strong>erga</strong></span> <span class='ocrx_word' id='word_1_181' title='bbox 590 2561 623 2623; x_wconf 89' lang='lat' dir='ltr'><strong>te</strong></span> <span class='ocrx_word' id='word_1_182' title='bbox 642 2558 719 2630; x_wconf 88' lang='lat' dir='ltr'><strong>mei;</strong></span> <span class='ocrx_word' id='word_1_183' title='bbox 744 2553 950 2640; x_wconf 85' lang='lat' dir='ltr'><strong>nequeenim</strong></span> <span class='ocrx_word' id='word_1_184' title='bbox 967 2558 1108 2642; x_wconf 88' lang='lat' dir='ltr'><strong>amplius</strong></span> <span class='ocrx_word' id='word_1_185' title='bbox 1126 2547 1228 2640; x_wconf 83' lang='lat' dir='ltr'><strong>potui.</strong></span> <span class='ocrx_word' id='word_1_186' title='bbox 1253 2557 1311 2623; x_wconf 89' lang='lat' dir='ltr'><strong>sed</strong></span> <span class='ocrx_word' id='word_1_187' title='bbox 1327 2575 1456 2641; x_wconf 59' lang='lat' dir='ltr'><strong>quaeso,</strong></span> 
     </span>
     <span class='ocr_line' id='line_1_22' title="bbox 307 2660 1460 2749; baseline 0.002 -22"><span class='ocrx_word' id='word_1_188' title='bbox 307 2669 406 2730; x_wconf 88' lang='lat' dir='ltr'><strong>netu</strong></span> <span class='ocrx_word' id='word_1_189' title='bbox 429 2660 596 2744; x_wconf 76' lang='lat' dir='ltr'><strong>hactenns,</strong></span> <span class='ocrx_word' id='word_1_190' title='bbox 618 2663 770 2748; x_wconf 88' lang='lat' dir='ltr'><strong>quicquid</strong></span> <span class='ocrx_word' id='word_1_191' title='bbox 793 2668 826 2748; x_wconf 86' lang='lat' dir='ltr'><strong>te</strong></span> <span class='ocrx_word' id='word_1_192' title='bbox 850 2663 1136 2748; x_wconf 67' lang='lat' dir='ltr'><strong>diligo-metiaris.</strong></span> <span class='ocrx_word' id='word_1_193' title='bbox 1163 2664 1336 2749; x_wconf 78' lang='lat' dir='ltr'><strong>perlectam</strong></span> <span class='ocrx_word' id='word_1_194' title='bbox 1357 2663 1460 2736; x_wconf 72' lang='lat' dir='ltr'><strong>aenei</strong></span> 
     </span>
     <span class='ocr_line' id='line_1_23' title="bbox 307 2757 1457 2861; baseline 0 -26"><span class='ocrx_word' id='word_1_195' title='bbox 307 2771 388 2836; x_wconf 84' lang='lat' dir='ltr'><strong>hanc</strong></span> <span class='ocrx_word' id='word_1_196' title='bbox 425 2767 597 2853; x_wconf 85' lang='lat' dir='ltr'><strong>epistulam</strong></span> <span class='ocrx_word' id='word_1_197' title='bbox 634 2772 776 2844; x_wconf 63' lang='lat' dir='ltr'><strong>transitu,</strong></span> <span class='ocrx_word' id='word_1_198' title='bbox 806 2770 976 2861; x_wconf 7' lang='lat' dir='ltr'><strong>‘inuisibili</strong></span> <span class='ocrx_word' id='word_1_199' title='bbox 1014 2770 1069 2855; x_wconf 89' lang='lat' dir='ltr'><strong>qui</strong></span> <span class='ocrx_word' id='word_1_200' title='bbox 1100 2770 1187 2836; x_wconf 88' lang='lat' dir='ltr'><strong>intus</strong></span> <span class='ocrx_word' id='word_1_201' title='bbox 1219 2771 1266 2847; x_wconf 85' lang='lat' dir='ltr'><strong>fit,</strong></span> <span class='ocrx_word' id='word_1_202' title='bbox 1298 2757 1331 2835; x_wconf 88' lang='lat' dir='ltr'><strong>et</strong></span> <span class='ocrx_word' id='word_1_203' title='bbox 1361 2783 1457 2858; x_wconf 76' lang='lat' dir='ltr'><strong>perge</strong></span> 
     </span>
     <span class='ocr_line' id='line_1_24' title="bbox 258 2875 1471 2963; baseline -0.006 -17"><span class='ocrx_word' id='word_1_204' title='bbox 258 2941 260 2946; x_wconf 82' lang='grc'><strong>,</strong></span> <span class='ocrx_word' id='word_1_205' title='bbox 309 2876 478 2961; x_wconf 85' lang='lat' dir='ltr'><strong>cogitando</strong></span> <span class='ocrx_word' id='word_1_206' title='bbox 505 2876 537 2940; x_wconf 90' lang='lat' dir='ltr'><strong>in</strong></span> <span class='ocrx_word' id='word_1_207' title='bbox 566 2879 680 2963; x_wconf 87' lang='lat' dir='ltr'><strong>pectus</strong></span> <span class='ocrx_word' id='word_1_208' title='bbox 708 2895 816 2942; x_wconf 87' lang='lat' dir='ltr'><strong>meum</strong></span> <span class='ocrx_word' id='word_1_209' title='bbox 843 2887 885 2950; x_wconf 71' lang='lat' dir='ltr'><strong>‚et</strong></span> <span class='ocrx_word' id='word_1_210' title='bbox 900 2894 1002 2953; x_wconf 85' lang='lat' dir='ltr'><strong>cerne,</strong></span> <span class='ocrx_word' id='word_1_211' title='bbox 1026 2875 1103 2959; x_wconf 91' lang='lat' dir='ltr'><strong>quid</strong></span> <span class='ocrx_word' id='word_1_212' title='bbox 1125 2876 1193 2960; x_wconf 90' lang='lat' dir='ltr'><strong>illic</strong></span> <span class='ocrx_word' id='word_1_213' title='bbox 1215 2876 1254 2939; x_wconf 90' lang='lat' dir='ltr'><strong>de</strong></span> <span class='ocrx_word' id='word_1_214' title='bbox 1277 2879 1309 2940; x_wconf 87' lang='lat' dir='ltr'><strong>te</strong></span> <span class='ocrx_word' id='word_1_215' title='bbox 1332 2879 1471 2961; x_wconf 82' lang='lat' dir='ltr'><strong>agatur..</strong></span> 
     </span>
     <span class='ocr_line' id='line_1_25' title="bbox 307 2981 1457 3065; baseline 0 -18"><span class='ocrx_word' id='word_1_216' title='bbox 307 2983 431 3063; x_wconf 82' lang='lat' dir='ltr'><strong>patebit</strong></span> <span class='ocrx_word' id='word_1_217' title='bbox 464 2983 547 3047; x_wconf 88' lang='lat' dir='ltr'><strong>euim</strong></span> <span class='ocrx_word' id='word_1_218' title='bbox 577 2984 670 3047; x_wconf 88' lang='lat' dir='ltr'><strong>oculo</strong></span> <span class='ocrx_word' id='word_1_219' title='bbox 699 2983 842 3056; x_wconf 83' lang='lat' dir='ltr'><strong>caritatis</strong></span> <span class='ocrx_word' id='word_1_220' title='bbox 871 2983 1054 3058; x_wconf 83' lang='lat' dir='ltr'><strong>cubiculum</strong></span> <span class='ocrx_word' id='word_1_221' title='bbox 1083 2983 1236 3062; x_wconf 87' lang='lat' dir='ltr'><strong>caritatis,</strong></span> <span class='ocrx_word' id='word_1_222' title='bbox 1265 2981 1349 3065; x_wconf 88' lang='lat' dir='ltr'><strong>qnod</strong></span> <span class='ocrx_word' id='word_1_223' title='bbox 1371 2981 1457 3047; x_wconf 74' lang='lat' dir='ltr'><strong>elan·</strong></span> 
     </span>
    </p>
   </div>
   <div class='ocr_carea' id='block_1_3' title="bbox 309 3257 1545 4297">
    <p class='ocr_par' dir='ltr' id='par_1_9' title="bbox 309 3257 1545 4297">
     <span class='ocr_line' id='line_1_26' title="bbox 343 3257 1545 3330; baseline -0.005 -15"><span class='ocrx_word' id='word_1_224' title='bbox 343 3259 738 3322; x_wconf 64' lang='lat' dir='ltr'><strong>icumom..m.1cdd.d1</strong></span> <span class='ocrx_word' id='word_1_225' title='bbox 811 3259 908 3315; x_wconf 86' lang='lat' dir='ltr'><strong>decore</strong></span> <span class='ocrx_word' id='word_1_226' title='bbox 927 3257 1017 3316; x_wconf 75' lang='lat' dir='ltr'><strong>Plione</strong></span> <span class='ocrx_word' id='word_1_227' title='bbox 1071 3259 1204 3315; x_wconf 84' lang='lat' dir='ltr'><strong>3hacP</strong></span> <span class='ocrx_word' id='word_1_228' title='bbox 1260 3262 1325 3314; x_wconf 67' lang='lat' dir='ltr'><strong>tet</strong></span> <span class='ocrx_word' id='word_1_229' title='bbox 1342 3259 1456 3330; x_wconf 76' lang='lat' dir='ltr'><strong>agnoui]</strong></span> <span class='ocrx_word' id='word_1_230' title='bbox 1541 3271 1545 3280; x_wconf 92' lang='lat'><strong>·</strong></span> 
     </span>
     <span class='ocr_line' id='line_1_27' title="bbox 309 3340 1458 3419; baseline 0 -18"><span class='ocrx_word' id='word_1_231' title='bbox 309 3351 337 3401; x_wconf 89' lang='lat' dir='ltr'><strong>et</strong></span> <span class='ocrx_word' id='word_1_232' title='bbox 356 3345 473 3418; x_wconf 69' lang='lat' dir='ltr'><strong>eog‘noui</strong></span> <span class='ocrx_word' id='word_1_233' title='bbox 490 3347 519 3402; x_wconf 82' lang='lat' dir='ltr'><em>R</em></span> <span class='ocrx_word' id='word_1_234' title='bbox 596 3348 671 3417; x_wconf 87' lang='lat' dir='ltr'><strong>huic]</strong></span> <span class='ocrx_word' id='word_1_235' title='bbox 690 3348 763 3404; x_wconf 86' lang='lat' dir='ltr'><strong>hune</strong></span> <span class='ocrx_word' id='word_1_236' title='bbox 781 3348 808 3404; x_wconf 72' lang='lat' dir='ltr'><em>A</em></span> <span class='ocrx_word' id='word_1_237' title='bbox 899 3340 1065 3419; x_wconf 70' lang='lat' dir='ltr'><strong>deorporea</strong></span> <span class='ocrx_word' id='word_1_238' title='bbox 1083 3344 1193 3415; x_wconf 74' lang='lat' dir='ltr'><strong>(adei.)</strong></span> <span class='ocrx_word' id='word_1_239' title='bbox 1213 3347 1241 3401; x_wconf 90' lang='lat' dir='ltr'><strong><em>P</em></strong></span> <span class='ocrx_word' id='word_1_240' title='bbox 1327 3348 1458 3401; x_wconf 78' lang='lat' dir='ltr'><strong>ducrum</strong></span> 
     </span>
     <span class='ocr_line' id='line_1_28' title="bbox 309 3435 1458 3507; baseline 0 -18"><span class='ocrx_word' id='word_1_241' title='bbox 309 3437 411 3506; x_wconf 80' lang='lat' dir='ltr'><strong>autem]</strong></span> <span class='ocrx_word' id='word_1_242' title='bbox 431 3443 524 3492; x_wconf 85' lang='lat' dir='ltr'><strong>nerum</strong></span> <span class='ocrx_word' id='word_1_243' title='bbox 541 3438 635 3490; x_wconf 83' lang='lat' dir='ltr'><strong>tamen</strong></span> <span class='ocrx_word' id='word_1_244' title='bbox 654 3437 714 3490; x_wconf 78' lang='lat' dir='ltr'><strong>edd.</strong></span> <span class='ocrx_word' id='word_1_245' title='bbox 730 3443 846 3505; x_wconf 81' lang='lat' dir='ltr'><strong>praeter</strong></span> <span class='ocrx_word' id='word_1_246' title='bbox 863 3454 883 3491; x_wconf 82' lang='lat' dir='ltr'><strong>o</strong></span> <span class='ocrx_word' id='word_1_247' title='bbox 961 3439 977 3491; x_wconf 77' lang='lat'><strong>7</strong></span> <span class='ocrx_word' id='word_1_248' title='bbox 997 3438 1126 3507; x_wconf 67' lang='lat' dir='ltr'><strong>mucce]</strong></span> <span class='ocrx_word' id='word_1_249' title='bbox 1144 3437 1234 3506; x_wconf 84' lang='lat' dir='ltr'><strong>capite</strong></span> <span class='ocrx_word' id='word_1_250' title='bbox 1252 3435 1280 3489; x_wconf 86' lang='lat' dir='ltr'><em>R</em></span> <span class='ocrx_word' id='word_1_251' title='bbox 1358 3435 1375 3489; x_wconf 83' lang='lat'><em>8</em></span> <span class='ocrx_word' id='word_1_252' title='bbox 1393 3435 1458 3505; x_wconf 86' lang='lat' dir='ltr'><strong>tibi]</strong></span> 
     </span>
     <span class='ocr_line' id='line_1_29' title="bbox 310 3516 1458 3584; baseline -0.003 -4"><span class='ocrx_word' id='word_1_253' title='bbox 310 3522 348 3580; x_wconf 84' lang='lat' dir='ltr'><strong>ibi</strong></span> <span class='ocrx_word' id='word_1_254' title='bbox 365 3523 456 3580; x_wconf 80' lang='lat' dir='ltr'><strong>MFA</strong></span> <span class='ocrx_word' id='word_1_255' title='bbox 547 3516 802 3584; x_wconf 84' lang='lat' dir='ltr'><strong>catholicamunitas</strong></span> <span class='ocrx_word' id='word_1_256' title='bbox 820 3525 852 3580; x_wconf 78' lang='lat' dir='ltr'>F</span> <span class='ocrx_word' id='word_1_257' title='bbox 938 3525 954 3581; x_wconf 80' lang='grc'>9</span> <span class='ocrx_word' id='word_1_258' title='bbox 974 3526 1084 3580; x_wconf 76' lang='lat' dir='ltr'><strong>colonos</strong></span> <span class='ocrx_word' id='word_1_259' title='bbox 1102 3541 1135 3580; x_wconf 78' lang='lat' dir='ltr'><strong>ex</strong></span> <span class='ocrx_word' id='word_1_260' title='bbox 1154 3524 1264 3579; x_wconf 80' lang='lat' dir='ltr'><strong>colonus</strong></span> <span class='ocrx_word' id='word_1_261' title='bbox 1283 3524 1319 3578; x_wconf 81' lang='grc' dir='ltr'><em>Μ</em></span> <span class='ocrx_word' id='word_1_262' title='bbox 1341 3522 1458 3582; x_wconf 82' lang='lat' dir='ltr'><strong>colones,</strong></span> 
     </span>
     <span class='ocr_line' id='line_1_30' title="bbox 310 3607 1499 3677; baseline -0.005 -9"><span class='ocrx_word' id='word_1_263' title='bbox 310 3612 635 3677; x_wconf 62' lang='lat' dir='ltr'><strong>corr.m.1‘oolooos1lv</strong></span> <span class='ocrx_word' id='word_1_264' title='bbox 704 3612 827 3670; x_wconf 78' lang='lat' dir='ltr'><strong>airusM</strong></span> <span class='ocrx_word' id='word_1_265' title='bbox 900 3607 1076 3669; x_wconf 73' lang='lat' dir='ltr'><strong>uodaMFA</strong></span> <span class='ocrx_word' id='word_1_266' title='bbox 1138 3614 1172 3667; x_wconf 88' lang='lat'><strong>10</strong></span> <span class='ocrx_word' id='word_1_267' title='bbox 1191 3614 1317 3667; x_wconf 80' lang='lat' dir='ltr'><strong>exhortae</strong></span> <span class='ocrx_word' id='word_1_268' title='bbox 1332 3612 1499 3667; x_wconf 65' lang='lat' dir='ltr'><em>PMFN.</em></span> 
     </span>
     <span class='ocr_line' id='line_1_31' title="bbox 309 3687 1457 3772; baseline -0.002 -17"><span class='ocrx_word' id='word_1_269' title='bbox 309 3699 339 3772; x_wconf 81' lang='lat' dir='ltr'><strong>(h</strong></span> <span class='ocrx_word' id='word_1_270' title='bbox 357 3705 428 3771; x_wconf 75' lang='lat' dir='ltr'><strong>exp.)</strong></span> <span class='ocrx_word' id='word_1_271' title='bbox 486 3701 618 3756; x_wconf 84' lang='lat' dir='ltr'><strong>consolari</strong></span> <span class='ocrx_word' id='word_1_272' title='bbox 637 3701 709 3757; x_wconf 79' lang='lat' dir='ltr'><strong>codd</strong></span> <span class='ocrx_word' id='word_1_273' title='bbox 769 3704 800 3757; x_wconf 93' lang='lat' dir='ltr'><strong>ll</strong></span> <span class='ocrx_word' id='word_1_274' title='bbox 821 3704 891 3757; x_wconf 85' lang='lat' dir='ltr'><strong>talia</strong></span> <span class='ocrx_word' id='word_1_275' title='bbox 909 3705 934 3756; x_wconf 81' lang='lat' dir='ltr'><em>A</em></span> <span class='ocrx_word' id='word_1_276' title='bbox 988 3704 1020 3756; x_wconf 82' lang='lat'><strong>12</strong></span> <span class='ocrx_word' id='word_1_277' title='bbox 1039 3701 1212 3756; x_wconf 78' lang='lat' dir='ltr'><strong>deustionem</strong></span> <span class='ocrx_word' id='word_1_278' title='bbox 1231 3687 1457 3771; x_wconf 81' lang='lat' dir='ltr'><strong>promptissimam</strong></span> 
     </span>
     <span class='ocr_line' id='line_1_32' title="bbox 309 3781 1457 3864; baseline -0.003 -19"><span class='ocrx_word' id='word_1_279' title='bbox 309 3792 344 3845; x_wconf 73' lang='lat' dir='ltr'><strong>A·</strong></span> <span class='ocrx_word' id='word_1_280' title='bbox 427 3790 567 3864; x_wconf 79' lang='lat' dir='ltr'><strong>elegerent</strong></span> <span class='ocrx_word' id='word_1_281' title='bbox 588 3781 654 3844; x_wconf 75' lang='lat' dir='ltr'><strong>MP</strong></span> <span class='ocrx_word' id='word_1_282' title='bbox 739 3791 824 3845; x_wconf 89' lang='lat' dir='ltr'><strong>talem</strong></span> <span class='ocrx_word' id='word_1_283' title='bbox 848 3808 880 3847; x_wconf 83' lang='lat' dir='ltr'><strong>ac</strong></span> <span class='ocrx_word' id='word_1_284' title='bbox 902 3795 1009 3848; x_wconf 60' lang='lat' dir='ltr'><strong>nutum</strong></span> <span class='ocrx_word' id='word_1_285' title='bbox 1034 3789 1094 3844; x_wconf 77' lang='lat' dir='ltr'><strong>edd.</strong></span> <span class='ocrx_word' id='word_1_286' title='bbox 1188 3784 1222 3844; x_wconf 77' lang='lat'><strong>14</strong></span> <span class='ocrx_word' id='word_1_287' title='bbox 1240 3806 1257 3843; x_wconf 86' lang='lat' dir='ltr'><strong>s</strong></span> <span class='ocrx_word' id='word_1_288' title='bbox 1274 3790 1314 3859; x_wconf 87' lang='lat' dir='ltr'><strong>te]</strong></span> <span class='ocrx_word' id='word_1_289' title='bbox 1339 3793 1402 3844; x_wconf 88' lang='lat' dir='ltr'><strong>ante</strong></span> <span class='ocrx_word' id='word_1_290' title='bbox 1421 3787 1457 3841; x_wconf 81' lang='grc' dir='ltr'><strong>Ρι</strong></span> 
     </span>
     <span class='ocr_line' id='line_1_33' title="bbox 312 3871 1458 3953; baseline -0.003 -20"><span class='ocrx_word' id='word_1_291' title='bbox 312 3880 345 3934; x_wconf 86' lang='grc'><strong>15</strong></span> <span class='ocrx_word' id='word_1_292' title='bbox 362 3871 452 3949; x_wconf 77' lang='lat' dir='ltr'><strong>adque</strong></span> <span class='ocrx_word' id='word_1_293' title='bbox 472 3879 500 3932; x_wconf 90' lang='lat' dir='ltr'><strong><em>P</em></strong></span> <span class='ocrx_word' id='word_1_294' title='bbox 570 3880 598 3932; x_wconf 89' lang='lat' dir='ltr'><strong>in</strong></span> <span class='ocrx_word' id='word_1_295' title='bbox 617 3883 754 3953; x_wconf 82' lang='lat' dir='ltr'><strong>aeteruum</strong></span> <span class='ocrx_word' id='word_1_296' title='bbox 775 3885 866 3933; x_wconf 88' lang='lat' dir='ltr'><strong>tecum</strong></span> <span class='ocrx_word' id='word_1_297' title='bbox 885 3878 945 3936; x_wconf 76' lang='lat' dir='ltr'><strong>cdd.</strong></span> <span class='ocrx_word' id='word_1_298' title='bbox 1020 3880 1242 3948; x_wconf 83' lang='lat' dir='ltr'><strong>computarentur</strong></span> <span class='ocrx_word' id='word_1_299' title='bbox 1257 3877 1287 3933; x_wconf 68' lang='grc' dir='ltr'><em>Β</em></span> <span class='ocrx_word' id='word_1_300' title='bbox 1378 3877 1411 3931; x_wconf 83' lang='lat' dir='ltr'><strong>l‘l</strong></span> <span class='ocrx_word' id='word_1_301' title='bbox 1430 3885 1458 3929; x_wconf 84' lang='lat' dir='ltr'><strong>te</strong></span> 
     </span>
     <span class='ocr_line' id='line_1_34' title="bbox 310 3956 1457 4040; baseline -0.003 -19"><span class='ocrx_word' id='word_1_302' title='bbox 310 3956 450 4032; x_wconf 59' lang='lat' dir='ltr'><strong>em.,‘m.1</strong></span> <span class='ocrx_word' id='word_1_303' title='bbox 468 3966 539 4040; x_wconf 54' lang='lat' dir='ltr'><strong>odd„</strong></span> <span class='ocrx_word' id='word_1_304' title='bbox 553 3966 584 4021; x_wconf 77' lang='lat' dir='ltr'>F</span> <span class='ocrx_word' id='word_1_305' title='bbox 655 3967 687 4022; x_wconf 85' lang='grc'><strong>18</strong></span> <span class='ocrx_word' id='word_1_306' title='bbox 706 3968 794 4036; x_wconf 69' lang='lat' dir='ltr'><strong>tique,</strong></span> <span class='ocrx_word' id='word_1_307' title='bbox 811 3981 881 4021; x_wconf 76' lang='lat' dir='ltr'><strong>corr.</strong></span> <span class='ocrx_word' id='word_1_308' title='bbox 899 3972 960 4023; x_wconf 68' lang='lat' dir='ltr'><strong>eol</strong></span> <span class='ocrx_word' id='word_1_309' title='bbox 977 3967 1084 4036; x_wconf 71' lang='lat' dir='ltr'><strong>tritique</strong></span> <span class='ocrx_word' id='word_1_310' title='bbox 1102 3967 1138 4021; x_wconf 80' lang='grc' dir='ltr'><em>Μ</em></span> <span class='ocrx_word' id='word_1_311' title='bbox 1211 3967 1244 4020; x_wconf 88' lang='grc'><strong>19</strong></span> <span class='ocrx_word' id='word_1_312' title='bbox 1263 3966 1457 4035; x_wconf 82' lang='lat' dir='ltr'><strong>qualecumque</strong></span> 
     </span>
     <span class='ocr_line' id='line_1_35' title="bbox 311 4053 1458 4130; baseline -0.004 -19"><span class='ocrx_word' id='word_1_313' title='bbox 311 4055 420 4124; x_wconf 77' lang='lat' dir='ltr'><strong>specim.</strong></span> <span class='ocrx_word' id='word_1_314' title='bbox 433 4072 467 4110; x_wconf 84' lang='lat' dir='ltr'><strong>m.</strong></span> <span class='ocrx_word' id='word_1_315' title='bbox 479 4062 499 4109; x_wconf 76' lang='lat'><em>2</em></span> <span class='ocrx_word' id='word_1_316' title='bbox 513 4055 736 4125; x_wconf 85' lang='lat' dir='ltr'><strong>quulemcumque</strong></span> <span class='ocrx_word' id='word_1_317' title='bbox 755 4055 874 4124; x_wconf 84' lang='lat' dir='ltr'><strong>speciem</strong></span> <span class='ocrx_word' id='word_1_318' title='bbox 890 4055 927 4109; x_wconf 92' lang='lat' dir='ltr'><strong>P¹</strong></span> <span class='ocrx_word' id='word_1_319' title='bbox 947 4055 1170 4125; x_wconf 85' lang='lat' dir='ltr'><strong>qualemcumque</strong></span> <span class='ocrx_word' id='word_1_320' title='bbox 1185 4055 1300 4130; x_wconf 86' lang='lat' dir='ltr'><strong>spetiem</strong></span> <span class='ocrx_word' id='word_1_321' title='bbox 1315 4053 1342 4106; x_wconf 86' lang='lat' dir='ltr'><em>P</em></span> <span class='ocrx_word' id='word_1_322' title='bbox 1401 4060 1458 4107; x_wconf 84' lang='lat' dir='ltr'><strong>tor·</strong></span> 
     </span>
     <span class='ocr_line' id='line_1_36' title="bbox 311 4141 1460 4215; baseline -0.002 -18"><span class='ocrx_word' id='word_1_323' title='bbox 311 4143 360 4204; x_wconf 86' lang='lat' dir='ltr'><strong>die.</strong></span> <span class='ocrx_word' id='word_1_324' title='bbox 379 4149 445 4200; x_wconf 63' lang='grc' dir='ltr'><em>Μ</em></span> <span class='ocrx_word' id='word_1_325' title='bbox 463 4144 552 4200; x_wconf 82' lang='lat' dir='ltr'><strong>cordis</strong></span> <span class='ocrx_word' id='word_1_326' title='bbox 570 4145 608 4199; x_wconf 89' lang='lat' dir='ltr'><strong>P¹</strong></span> <span class='ocrx_word' id='word_1_327' title='bbox 698 4146 731 4200; x_wconf 80' lang='lat'><strong>21</strong></span> <span class='ocrx_word' id='word_1_328' title='bbox 752 4156 866 4200; x_wconf 75' lang='lat' dir='ltr'><strong>actenus</strong></span> <span class='ocrx_word' id='word_1_329' title='bbox 883 4144 974 4207; x_wconf 75' lang='lat' dir='ltr'><strong>MFA</strong></span> <span class='ocrx_word' id='word_1_330' title='bbox 1046 4143 1086 4215; x_wconf 86' lang='lat' dir='ltr'><strong>te]</strong></span> <span class='ocrx_word' id='word_1_331' title='bbox 1105 4145 1132 4197; x_wconf 89' lang='lat' dir='ltr'><strong>in</strong></span> <span class='ocrx_word' id='word_1_332' title='bbox 1152 4150 1180 4197; x_wconf 78' lang='lat' dir='ltr'><strong>te</strong></span> <span class='ocrx_word' id='word_1_333' title='bbox 1200 4142 1236 4196; x_wconf 75' lang='grc' dir='ltr'><em>Μ</em></span> <span class='ocrx_word' id='word_1_334' title='bbox 1321 4143 1358 4197; x_wconf 78' lang='grc'><strong>22</strong></span> <span class='ocrx_word' id='word_1_335' title='bbox 1377 4141 1413 4195; x_wconf 85' lang='lat' dir='ltr'><strong>eit</strong></span> <span class='ocrx_word' id='word_1_336' title='bbox 1432 4141 1460 4196; x_wconf 75' lang='lat' dir='ltr'><em>A</em></span> 
     </span>
     <span class='ocr_line' id='line_1_37' title="bbox 311 4230 1306 4297; baseline -0.005 -9"><span class='ocrx_word' id='word_1_337' title='bbox 311 4234 345 4288; x_wconf 76' lang='lat'><strong>23</strong></span> <span class='ocrx_word' id='word_1_338' title='bbox 364 4251 427 4297; x_wconf 85' lang='lat' dir='ltr'><strong>mm,</strong></span> <span class='ocrx_word' id='word_1_339' title='bbox 446 4238 512 4288; x_wconf 67' lang='grc' dir='ltr'><strong><em>Μ</em></strong></span> <span class='ocrx_word' id='word_1_340' title='bbox 529 4249 618 4290; x_wconf 88' lang='lat' dir='ltr'><strong>meum</strong></span> <span class='ocrx_word' id='word_1_341' title='bbox 635 4233 674 4286; x_wconf 79' lang='lat' dir='ltr'><em>M</em></span> <span class='ocrx_word' id='word_1_342' title='bbox 724 4234 761 4287; x_wconf 80' lang='lat'><strong>24</strong></span> <span class='ocrx_word' id='word_1_343' title='bbox 780 4232 909 4297; x_wconf 76' lang='lat' dir='ltr'><strong>cubilem,</strong></span> <span class='ocrx_word' id='word_1_344' title='bbox 930 4247 1000 4286; x_wconf 79' lang='lat' dir='ltr'><strong>corr.</strong></span> <span class='ocrx_word' id='word_1_345' title='bbox 1019 4238 1079 4286; x_wconf 71' lang='lat' dir='ltr'><strong>ml</strong></span> <span class='ocrx_word' id='word_1_346' title='bbox 1098 4230 1251 4286; x_wconf 85' lang='lat' dir='ltr'><strong>cubiculum</strong></span> <span class='ocrx_word' id='word_1_347' title='bbox 1268 4230 1306 4284; x_wconf 81' lang='grc' dir='ltr'><em>Μ</em></span> 
     </span>
    </p>
   </div>
   <div class='ocr_carea' id='block_1_4' title="bbox 0 0 1668 4867">
    <p class='ocr_par' dir='ltr' id='par_1_10' title="bbox 0 0 1668 4867">
     <span class='ocr_line' id='line_1_38' title="bbox 0 0 1668 4867; baseline 0 0"><span class='ocrx_word' id='word_1_348' title='bbox 0 0 1668 4867; x_wconf 95' lang='lat' dir='ltr'><strong> </strong></span> 
     </span>
    </p>
   </div>
  </div>
 </body>
</html>
