3309 4867
632 412 897 496 epistularum
925 423 996 480 xct.
1322 431 1387 494 429

237 618 420 703 consulendi
459 617 573 683 modus
610 622 668 683 aut
704 617 775 682 linis
807 617 910 683 bonis.
947 616 1081 695 intuere,
1115 621 1245 685 obsecro
1278 615 1387 698 te‚‘et

236 744 339 805 cerus,
372 724 499 809 queritis
531 724 574 791 ibi
606 723 758 791 laudibus
789 723 957 809 frugalitas
985 727 1017 789 et
1045 726 1238 793 continentia
1265 728 1387 811 praedi·

236 835 327 924 cetur
357 835 391 897 ot
422 849 496 916 erga
528 831 694 914 coniugale
726 830 892 909 uinculum
920 830 999 896 tides
1027 827 1170 916 castique
1199 833 1327 900 honesti
1350 852 1386 899 ac

235 939 328 1022 probi
340 956 455 1016 mores,
471 937 586 1020 quibus
602 935 676 1007 cum
694 922 870 1020 praepollet
888 936 1015 1015 ciuitas,
1033 957 1108 1004 uere
1126 938 1236 1005 florere
1256 939 1388 1013 dicenda

201 1049 297 1110 sest.
335 1043 368 1110 hi
405 1046 512 1109 autam
552 1062 658 1108 mores
699 1042 732 1106 in
774 1041 919 1108 ecclesiis
951 1045 1021 1107 toto
1058 1044 1132 1109 orbo
1169 1046 1386 1112 crescentibus
1456 1118 1459 1125 ,

234 1155 401 1235 tamquam
436 1150 468 1215 in
506 1148 626 1217 sanctis
663 1147 831 1214 auditoriis
866 1148 1058 1230 populorum
1099 1149 1253 1217 docentur
1293 1152 1387 1235 atque

196 1246 199 1249 ’
232 1256 407 1323 'discuntur
429 1261 461 1322 at
483 1255 617 1322 maximo
640 1254 754 1339 piatas,
779 1273 842 1337 qua
864 1273 960 1321 uerus
985 1259 1017 1319 ot
1039 1275 1133 1322 uorax
1157 1257 1386 1345 coleturfldeus¹

239 1362 295 1445 qui
316 1362 394 1433 baec
418 1363 534 1443 omnia,
558 1362 675 1445 quibus
698 1360 823 1427 animus
848 1362 1005 1427 humanus
1029 1356 1154 1428 diuinae
1179 1365 1326 1430 societati
1348 1364 1388 1434 ad

236 1467 475 1534 inhabitandam
506 1471 667 1533 aeternam
699 1467 934 1548 caelestemque
965 1466 1130 1533 ciuitatem
1159 1468 1329 1535 instruitur
1356 1472 1389 1534 et

188 1604 217 1643 ro
239 1578 376 1659 aptatur,
413 1594 474 1640 non
506 1574 610 1640 solum
642 1574 734 1639 iubat
764 1568 986 1657 adgredienda,
1019 1591 1132 1639 uarum
1163 1575 1260 1640 etism
1292 1575 1389 1641 donat
1485 1569 1520 1667 Ι·

238 1681 409 1767 implenda.
450 1680 524 1746 inde
560 1685 620 1757 est,
658 1679 744 1763 quod
771 1680 915 1745 deorum
956 1680 1131 1746 multorum
1171 1680 1392 1765 falsorumque
1486 1681 1488 1684 ‘

239 1789 411 1855 simulacra
434 1791 467 1853 et
494 1786 647 1872 praedixit
673 1772 821 1852 auersum
848 1786 888 1851 iri
915 1790 949 1852 ct
969 1773 1133 1871 praecepit
1163 1788 1275 1855 auerti.
1308 1787 1388 1853 nihil

238 1895 323 1961 enim
344 1893 490 1962 homiues
513 1899 580 1960 tam
602 1893 804 1960 insociabiles
828 1892 934 1958 reddit
955 1892 1042 1962 uitae
1064 1896 1273 1977 peruersitate
1293 1914 1387 1978 quam

237 2001 366 2067 illorum
388 2000 519 2066 deorum
532 2000 690 2091 (imitatio,
710 2001 820 2083 qualos
840 1999 1062 2065 desonbuntur
1079 2003 1113 2066 ct
1129 2001 1391 2095 commendantur

192 2100 355 2177 alitteris
379 2126 498 2173 eorum.

164 2229 190 2290 4
270 2194 427 2295 lienique
449 2213 498 2279 illi
521 2211 702 2279 doctissimi
725 2212 796 2289 uiri,
821 2211 960 2294 quirem
979 2212 1140 2296 publicam
1160 2214 1387 2297 ciuitatemque

238 2322 405 2397 terrenam,
434 2320 536 2403 qualis
565 2320 612 2386 ais
640 2338 711 2386 oses
735 2319 850 2385 debere
873 2319 1052 2398 uidebatur,
1075 2307 1179 2405 magis
1203 2319 1387 2386 domesticis

238 2424 508 2510 disputationibus
548 2425 750 2509 requirebant
789 2427 842 2491 uel
882 2425 979 2490 etiam
1007 2418 1251 2505 describebant,
1293 2445 1387 2509 quam

237 2531 375 2616 publicis
408 2532 588 2617 actionibus
624 2532 841 2599 instituebant
875 2536 970 2615 atque
1011 2524 1200 2611 formabant,
1241 2532 1386 2618 egregios

183 2669 220 2710 ao
237 2641 333 2720 atque
365 2638 554 2715 laudabiles,
587 2658 667 2722 quos
695 2625 860 2722 putabant,
888 2638 1032 2713 homines
1059 2640 1168 2731 potius
1192 2658 1288 2721 quam
1310 2638 1386 2704 deos

239 2762 315 2809 suos
341 2743 513 2809 imitandos
533 2746 758 2827 ‘proponebant
784 2739 972 2818 erudiendae
1005 2743 1102 2810 indoli
1133 2745 1322 2810 iuuentutis.
1354 2747 1388 2809 et

235 2869 270 2915 re
306 2871 383 2917 nera
411 2851 618 2916 Terentianus
655 2852 710 2916 ills
746 2850 944 2927 adulescens,
977 2850 1032 2934 qui
1065 2854 1212 2942 spectans
1243 2851 1386 2917 tabulam
1429 2871 1432 2875 ·

236 2958 353 3040 pictam
385 2957 418 3025 in
447 2957 578 3039 pariete,
607 2957 664 3023 nbi
689 2957 815 3039 pictur-a
841 2943 944 3021 inerat
966 2955 1005 3021 de
1028 2955 1183 3022 udrrlterio
1205 2957 1291 3042 regis
1314 2956 1387 3022 deo-

233 3230 236 3237 ’
258 3230 264 3235 “
330 3219 360 3273 11
386 3216 451 3272 Leu.
475 3218 518 3280 26,
542 3217 590 3282 3ος
614 3217 713 3272 Erech.
737 3216 762 3282 b,
784 3219 815 3281 br
840 3217 882 3274 30.
908 3207 961 3281 1ss
982 3216 1029 3272 Os.
1055 3217 1097 3280 10,
1121 3218 1150 3279 2:
1178 3217 1220 3272 ΙΙΙ
1243 3217 1310 3288 Reg.
1340 3213 1390 3280 15(

238 3307 356 3371 11-13;
380 3305 409 3360 11
432 3306 520 3363 Perat
543 3304 586 3373 28.
613 3307 659 3370 1t;
679 3307 723 3381 tt,
744 3307 771 3371 la
792 3306 836 3370 33,
857 3308 903 3371 153
922 3306 967 3370 34,
986 3307 1073 3362 3-4:
1177 3308 1213 3362 22
1227 3306 1292 3361 Ter.
1311 3306 1382 3361 Eun.

237 3396 383 3452 ast-aar
850 3395 854 3399 ’

274 3517 375 3573 iboni
392 3518 425 3573 Κ
487 3520 522 3572 'te
538 3533 592 3572 om.
606 3519 635 3573 R
688 3518 797 3572 boert'e
816 3516 851 3571 K·
919 3514 1064 3587 frugalitas
1078 3514 1204 3572 laudibus
1218 3517 1246 3572 R
1310 3518 1384 3573 bee-

237 3606 331 3677 atique
348 3606 379 3661 F
397 3606 518 3676 certique
541 3605 693 3662 MAPRK
714 3605 774 3675 edd.
792 3604 943 3674 practerea
965 3606 1137 3675 castiorem
1158 3608 1195 3675 cf.
1210 3624 1241 3676 p.
1264 3609 1328 3673 431,
1347 3610 1387 3659 10

275 3695 317 3766 ec]
336 3699 365 3749 et
376 3686 411 3750 'R
463 3693 593 3767 iprobo
613 3711 682 3751 corr.
700 3693 780 3765 probi
798 3693 832 3748 K
900 3695 1023 3748 florsrsv·
1043 3695 1110 3762 (Μ
1128 3700 1167 3759 re)
1182 3695 1209 3748 A
1263 3693 1339 3750 thir
1353 3688 1386 3748 K

274 3783 340 3837 orbe
358 3786 491 3839 mnarum
511 3783 695 3840 crescentibus
713 3783 741 3838 R
796 3781 979 3847 dauditorib;
998 3783 1026 3837 P
1088 3784 1188 3853 lquia
1206 3782 1271 3838 ΜΡ
1287 3790 1332 3848 (ea.
1347 3788 1385 3837 1?

238 3871 291 3926 del.
310 3871 331 3939 i)
386 3871 581 3941 aqui-(eres.
599 3871 660 3926 uid.
678 3875 705 3938 a)
725 3871 753 3925 P
770 3869 836 3941 quie
854 3869 884 3924 F
953 3871 1047 3925 diuina
1064 3872 1196 3926 societate
1213 3872 1239 3926 R
1289 3875 1320 3928 11
1337 3871 1384 3927 de·

238 3974 339 4023 eorum.
354 3960 406 4015 dcl.
427 3966 471 4027 (ne.
484 3959 535 4027 tl)
555 3960 646 4015 ultera
661 3959 717 4014 oF
752 3960 784 4013 12
800 3960 930 4013 euersuiri
941 3958 970 4014 F
982 3976 1109 4014 euersuri
1118 3960 1181 4014 MP
1192 3964 1237 4026 (an.
1249 3966 1268 4014 2
1281 3961 1294 4015 l
1309 3977 1384 4015 eucr-

236 4046 331 4112 tenda)
405 4052 560 4118 praecepta,
578 4052 645 4102 Μ
662 4046 801 4117 praecepit
819 4044 852 4099 Κ
907 4048 939 4101 13
960 4046 1144 4108 insociabiles,
1162 4049 1211 4103 scd
1228 4065 1258 4103 as
1277 4065 1310 4103 es
1327 4065 1383 4103 rue.

238 4134 351 4190 etcorr.
372 4134 482 4202 (nist)
502 4136 537 4191 Μ
643 4136 832 4207 peruersitate,
852 4152 921 4190 corr.
942 4140 988 4199 (m.
1000 4135 1052 4201 19)
1077 4133 1252 4205 parternitati
1269 4136 1308 4192 Μ
1323 4154 1383 4207 pcr-

240 4225 363 4281 ucrsiteti
381 4224 409 4278 P
463 4224 496 4279 15
514 4218 617 4286 lateris,
634 4224 827 4283 corr.‚1icterin
847 4223 879 4277 K
932 4226 967 4278 22
987 4224 1224 4294 exspectansMF
1240 4230 1383 4296 expectans

243 4312 294 4366 ΑΡ
312 4317 389 4379 (Μ
406 4316 542 4383 spectans)
561 4312 622 4368 RK
