3309 4867
351 381 417 446 598
704 377 731 435 S.
763 379 902 434 Aureli
930 379 1150 449 Augustini

350 573 533 640 uolentibus
570 573 787 655 praedicaret?
825 591 919 655 quem
951 590 1011 637 uos
1048 570 1123 637 inde
1156 590 1229 638 oum
1260 572 1352 658 gram
1384 571 1500 637 iniuria

351 679 541 762 proiecistis.
565 679 642 764 quid
671 679 758 746 aliud
781 679 966 764 agebamus,
990 676 1115 762 quaudo
1138 697 1223 750 unua
1245 682 1390 746 nostrum
1413 676 1501 745 Gala·

351 786 471 851 mensis
503 787 673 871 episoopus
704 783 873 852 Possidius
908 784 976 850 ibat
1011 783 1053 850 nd
1084 783 1219 852 fundum
1249 784 1500 871 Figulinensom,

352 892 414 956 nisi
442 896 480 956 ut
506 893 607 958 nostri
630 891 778 976 quamuis
805 891 912 974 pauci,
940 890 995 974 qui
1017 890 1086 959 illic
1113 894 1213 984 erant,
1241 891 1449 957 minitarentur
1470 894 1502 955 et

352 997 461 1064 audito
492 999 591 1064 norbo
624 997 676 1063 dei
708 998 748 1064 ad
780 998 939 1064 unitatem
961 995 1094 1074 Christi,
1122 997 1179 1081 qui
1210 998 1340 1077 uellent,
1373 1011 1540 1064 coruos-o

350 1107 512 1171 terantur?
549 1105 601 1171 oui
626 1105 804 1170 ambulanti
832 1105 918 1170 uiam
945 1122 1038 1170 suam
1063 1104 1224 1170 uuonan
1248 1123 1334 1170 moro
1359 1101 1502 1169 insidiati

352 1213 429 1275 sunt
445 1214 488 1289 at,
511 1211 588 1294 quia
603 1211 636 1277 in
656 1229 765 1277 eorum
788 1209 921 1277 insidias
940 1209 1052 1276 cadero
1074 1228 1137 1275 non
1160 1210 1276 1293 potuit,
1300 1228 1376 1276 eum
1394 1211 1501 1293 aperta

350 1316 506 1388 uiolentia
536 1317 568 1382 iu
596 1316 693 1384 fundo
722 1316 902 1384 Oliuetensi
924 1334 1024 1399 paene
1056 1315 1169 1382 uiuum
1197 1335 1271 1384 oum
1301 1315 1406 1390 domo,
1438 1333 1499 1397 quo

222 1403 234 1416 ⁵
350 1421 487 1507 fugerat,
523 1422 739 1500 incenderant,
775 1424 839 1489 nisi
875 1413 970 1489 tortio
1003 1422 1188 1506 suppositus
1220 1423 1365 1508 flammas
1398 1419 1500 1487 coloni

352 1528 495 1595 eiusdem
526 1529 616 1596 fundi
647 1533 776 1614 propter
806 1529 984 1614 periculum
1017 1545 1095 1594 suso
1129 1529 1243 1596 salutis
1271 1528 1499 1613 extinguerent
1517 1550 1540 1588 o

276 1667 277 1670 =
352 1635 385 1695 et
410 1636 517 1700 tamen
541 1652 615 1699 oum
639 1632 805 1717 Crispinus
833 1642 962 1718 propter
987 1633 1048 1700 hoo
1075 1633 1197 1700 scotum
1223 1634 1256 1700 in
1283 1626 1500 1719 proconsulari

351 1736 469 1804 iudicio
506 1739 746 1808 contunderetur
781 1739 972 1820 innotatione,
1010 1740 1154 1806 eiusdem
1186 1741 1330 1825 episcopi
1361 1737 1501 1804 Possidii

350 1845 526 1911 intercessu
547 1844 657 1911 decem
674 1846 772 1912 libras
792 1845 861 1911 auri
879 1866 940 1912 non
960 1850 1169 1915 cataractus.
1193 1848 1246 1914 cui
1267 1846 1500 1914 beniuolentiae

352 1954 387 2016 et
407 1950 645 2017 mansuetudini
671 1952 817 2037 ingratus
841 1952 881 2016 ad
902 1953 1108 2037 imperatores
1132 1954 1307 2020 catholioos
1330 1970 1430 2018 ausus
1452 1958 1502 2019 est

351 2057 519 2141 appellare.
552 2058 636 2124 unde
667 2058 746 2123 hano
778 2059 811 2123 in
839 2077 899 2124 uos
927 2060 1005 2125 iram
1035 2060 1096 2139 dei,
1128 2059 1167 2125 de
1195 2059 1540 2146 quamurmuratis,1s

351 2165 453 2229 multo
476 2164 690 2247 importunius
714 2166 747 2229 et
768 2164 992 2231 uehementius
1015 2161 1214 2250 prouocauit.

306 2269 326 2330 5
395 2270 530 2349 Videtis,
559 2270 717 2354 quianon
741 2274 852 2337 contm
877 2289 986 2355 paoem
1012 2271 1133 2340 Christi
1155 2272 1312 2340 uiolenter
1333 2272 1500 2358 insurgitis

350 2380 384 2442 et
410 2376 555 2460 patimini
580 2395 642 2442 non
669 2397 725 2461 pro
749 2377 819 2462 ipso
849 2377 906 2443 sed
931 2397 987 2461 pro
1010 2376 1235 2461 iniquitatibus
1262 2378 1391 2445 uestris.
1420 2390 1500 2463 quae

351 2487 401 2548 est
437 2482 501 2547 ista
533 2482 704 2561 dementia,
742 2486 789 2559 ut,
827 2500 899 2548 cnm
938 2484 1021 2549 male
1055 2483 1182 2563 uiuitis,
1219 2484 1381 2551 latronum
1417 2483 1500 2549 iacta

349 2588 474 2654 faciatis
498 2593 539 2668 et,
569 2608 642 2656 oum
670 2589 738 2655 iure
760 2589 929 2673 punimini,
958 2589 1091 2675 gloriam
1114 2594 1288 2675 martyrum
1310 2590 1499 2674 requiratis?
1515 2615 1539 2655 so

350 2695 377 2759 si
410 2713 483 2781 ergo
521 2716 581 2762 uos
618 2696 743 2779 priuata
779 2698 889 2763 uestra
925 2695 1057 2763 audacia
1090 2699 1159 2763 tam
1195 2698 1354 2764 uiolenter
1384 2695 1498 2782 cogitis

350 2801 493 2867 homines
522 2807 578 2868 aut
606 2803 652 2868 ire
676 2804 707 2884 in
731 2822 868 2869 errorem
892 2807 948 2870 aut
970 2822 1151 2889 permanere
1177 2805 1210 2870 iu
1238 2822 1353 2883 erroro,
1381 2807 1497 2887 quanto

350 2907 539 2993 magisnec
565 2909 717 2976 debemus
740 2929 797 2994 per
824 2910 1078 2976 ordinatissimas
1101 2913 1288 2992 potestates,
1316 2928 1396 2995 quas
1420 2908 1497 2975 dens

350 3013 525 3080 secundum
553 3034 645 3081 suam
672 3015 870 3100 prophetiam
900 3015 1044 3081 subdidit
1071 3013 1208 3093 Christo,
1240 3007 1389 3081 resistcre
1415 3015 1497 3080 furo·

349 3120 437 3186 ribus
457 3123 584 3198 uestris,
608 3126 646 3187 ut
665 3122 803 3187 miseras
822 3120 944 3187 animae
962 3120 1000 3187 de
1023 3123 1133 3186 uestra
1150 3120 1364 3188 dominatione
1386 3121 1485 3186 libera
1511 3143 1538 3187 so

304 3293 306 3295 ,
349 3231 401 3291 tae
429 3232 578 3294 eruantur
606 3248 625 3293 a
652 3228 877 3294 uetustissima
907 3227 1047 3294 falsitate
1074 3231 1108 3293 et
1134 3227 1326 3293 adsuescant
1350 3226 1382 3292 in
1411 3245 1495 3310 aper·

349 3333 475 3398 tissima
499 3336 649 3400 ueritate!
673 3354 746 3400 nam
764 3353 847 3416 quos
866 3317 886 3399 ‘a
903 3333 995 3399 nobis
1013 3333 1158 3399 nolentes
1176 3333 1283 3400 dicitis
1302 3336 1385 3420 cogi,
1402 3332 1495 3398 multi

349 3439 445 3505 etiam
469 3442 540 3526 cogi
565 3461 599 3508 se
623 3442 749 3520 nolunt,
773 3442 860 3525 quod
882 3441 974 3528 uobis
997 3444 1089 3507 anua
1113 3445 1146 3506 et
1166 3444 1278 3526 postea
1296 3440 1493 3517 confitentur,

348 3553 385 3614 ut
407 3549 460 3612 uel
484 3549 529 3615 sio
555 3549 691 3614 enudant
714 3549 937 3633 oppressiones
961 3552 1095 3615 uestras.

382 3825 557 3896 2proicistis
577 3824 642 3879 ΜΡ
698 3823 807 3879 'silli
825 3825 853 3879 A
943 3824 1055 3880 5uenbi
1073 3825 1100 3878 A
1185 3828 1309 3882 dmorse
1327 3826 1352 3897 (t
1370 3828 1451 3892 aas.)
1469 3825 1496 3879 P

346 3912 509 3969 Slinotensi
528 3914 556 3968 P
572 3912 632 3968 edd.
703 3914 735 3968 ll
756 3913 952 3982 proconsularii
971 3911 1001 3967 F
1015 3911 1093 3982 (πυ)
1111 3913 1163 3968 dei.
1183 3914 1231 3969 ott.
1250 3915 1271 3979 i)
1291 3914 1320 3968 A
1384 3916 1417 3969 12
1436 3916 1492 3984 spi-

346 4002 433 4074 sccpi·
453 4004 518 4071 (suit
537 4003 560 4072 s)
580 4004 605 4055 A
698 4002 731 4056 13
749 4001 774 4055 X
791 4001 830 4055 M
900 4001 976 4056 cuius
994 4002 1031 4055 M
1120 4004 1153 4058 15
1172 4002 1406 4073 appellare-(suit
1423 4003 1491 4069 s)A

345 4091 478 4162 inpellare
497 4092 534 4146 M
623 4093 655 4146 19
674 4091 730 4145 ista
747 4107 799 4145 om.
819 4091 846 4144 A
936 4091 971 4144 23
991 4090 1196 4161 quas1quiM
1277 4091 1314 4145 26
1332 4091 1360 4161 a]
1381 4089 1414 4145 de
1432 4090 1490 4144 edd.

380 4181 528 4235 actussima
545 4182 573 4235 A
610 4182 643 4234 27
663 4178 740 4249 qnos]
761 4179 834 4248 quod
849 4195 876 4232 so
930 4178 1089 4234 adolentes
1109 4186 1171 4245 (ons.
1190 4178 1278 4245 nobis)
1299 4183 1326 4233 A
1365 4179 1400 4233 28
1418 4180 1490 4250 ongis

345 4287 374 4322 se
394 4268 428 4322 M
446 4285 474 4322 se
494 4269 555 4338 cogi
574 4268 635 4324 edd.
691 4269 726 4323 29
745 4267 903 4336 suadelant
922 4268 948 4321 A
