3309 4867
557 375 646 438 26
1252 371 1317 427 S.
1374 369 1651 425 Aureli
1707 347 2147 442 Augustini

556 567 635 632 ab
692 567 993 650 episcopo
1059 583 1176 632 suo
1244 565 1611 634 mandatum
1677 567 2015 649 acceperit,
2082 567 2251 651 quod
2318 568 2528 635 officio
2592 570 2853 653 publico

554 673 967 752 renuntiauit,
1014 691 1092 738 au
1137 672 1320 750 forte,
1356 692 1516 742 cum
1564 677 1628 738 et
1672 673 1813 757 ipse
1858 674 2087 740 Victor
2121 674 2293 740 aliud
2331 675 2579 752 dixerit,
2616 675 2852 740 falsum

554 778 652 844 illi
700 780 869 862 apud
915 783 1056 845 acta
1099 780 1423 863 prosecuti
1470 779 1623 859 sint,
1672 798 1819 846 cum
1864 780 1997 845 sint
2033 780 2496 847 communionis
2534 780 2852 855 eiusdem;

510 871 688 966 aut,
745 887 802 951 si
856 887 1193 965 consentit,
1257 889 1334 952 ut
1392 887 1599 970 ipsam
1662 888 1863 952 totam
1931 888 2365 970 quaestionem
2433 886 2853 952 dissensionis

553 995 807 1059 nostrae
861 992 1106 1076 placide
1164 996 1645 1076 pertractemus,
1711 997 1787 1059 ut
1848 1012 2039 1072 error,
2106 994 2217 1077 qui
2263 994 2406 1059 >iam
2472 991 2856 1057 manifestus
2919 1018 2947 1060 ο

556 1102 674 1178 est,
701 1095 1124 1164 manifestius
1181 1100 1561 1178 innotescat,
1615 1099 1891 1164 libenter
1946 1098 2317 1181 amplector.
2384 1098 2605 1164 audiui
2662 1099 2855 1177 enim,

555 1205 726 1286 quod
773 1205 1016 1284 dixerit,
1063 1209 1140 1271 ut
1183 1206 1321 1272 sine
1366 1206 1652 1273 tumultu
1700 1206 1989 1290 populari
2050 1206 2264 1273 adsint
2316 1207 2654 1273 nobiscum
2710 1205 2855 1271 deni

557 1330 629 1380 ex
674 1316 942 1396 utraque
988 1316 1167 1396 parte
1213 1330 1442 1397 graues
1490 1315 1565 1378 et
1602 1312 1856 1377 honesti
1901 1312 2027 1378 uiri
2074 1315 2141 1380 et
2183 1314 2536 1379 seeundum
2583 1310 2853 1395 scriptu·

553 1440 678 1492 ras,
735 1420 889 1503 quid
941 1420 1006 1485 in
1060 1439 1213 1517 uero
1271 1419 1378 1498 sit,
1433 1419 1895 1504 perquiramus.
1964 1439 2109 1484 nam
2163 1419 2346 1497 illud,
2406 1420 2576 1503 quod
2630 1439 2853 1487 rursus

555 1546 703 1592 eum
749 1525 981 1591 dixisse
1024 1526 1312 1592 nonnulli
1366 1525 1450 1592 ad
1491 1543 1594 1590 me
1642 1526 2059 1610 pertulerunt,
2110 1545 2223 1591 cur
2276 1546 2397 1591 non
2456 1527 2637 1592 ierim
2694 1527 2854 1593 Con·
2892 1549 2946 1589 ιο

554 1634 918 1713 staminum,
976 1632 1227 1715 quando
1283 1633 1373 1700 ibi
1426 1632 1645 1717 plures
1700 1631 1827 1714 ipsi
1885 1634 2082 1710 erant,
2139 1632 2246 1697 uel
2300 1652 2405 1697 me
2471 1633 2700 1699 debere
2760 1634 2855 1698 ire

486 1743 489 1747 ‘
552 1739 841 1817 Mileum,
890 1739 1060 1822 quod
1105 1739 1265 1806 illic.
1314 1739 1486 1804 sicut
1531 1738 1887 1824 perhibent,
1944 1738 2284 1803 concilium
2342 1739 2624 1821 proxime
2678 1738 2853 1804 habi·

549 1847 682 1912 turi
734 1850 905 1923 sunt,
969 1846 1311 1911 ridiculum
1369 1849 1470 1911 est
1525 1845 1753 1922 dicere,
1811 1845 1996 1928 quasi
2053 1843 2133 1908 ad
2187 1862 2290 1909 me
2346 1846 2660 1929 pertineat
2703 1865 2855 1911 cura

551 1954 808 2036 propria
849 1953 973 2018 nisi
1020 1952 1475 2036 Hipponiensis
1522 1951 1850 2017 ecelesiae.
1898 1950 2057 2015 mihi
2104 1952 2241 2014 tota
2283 1950 2479 2016 huius
2536 1952 2851 2034 quaestio·

495 2041 505 2046 ’
556 2061 655 2124 nis
711 2060 869 2124 ratio
927 2060 1197 2125 maxime
1253 2079 1396 2125 cum
1454 2058 1834 2126 Proculiano
1892 2064 2008 2125 est.
2078 2059 2190 2125 sed
2246 2059 2301 2124 si
2357 2058 2520 2123 forte
2566 2059 2852 2141 inpaoem
2889 2082 2945 2121 ιο

555 2185 625 2231 se
671 2170 877 2249 putat,
925 2167 1110 2231 cuius
1177 2167 1471 2240 uoluerit,
1539 2166 1823 2251 collegae
1890 2167 1991 2231 sui
2054 2166 2330 2250 inploret
2392 2166 2720 2231 auxilium.
2786 2166 2849 2230 in

557 2271 701 2337 aliis
766 2272 933 2337 enim
997 2273 1374 2338 ciuitatibus
1438 2276 1688 2337 tantum
1763 2273 2039 2358 agimus,
2113 2272 2284 2355 quod
2357 2273 2437 2338 ad
2515 2270 2851 2336 ecclesiam

553 2378 849 2459 pertinet,
924 2383 1231 2461 quantum
1305 2380 1408 2446 uel
1484 2398 1598 2445 nos
1672 2379 2054 2461 permittunt
2124 2379 2229 2444 uel
2295 2379 2479 2444 nobis
2544 2377 2854 2465 inponunt

553 2486 895 2551 earundem
941 2487 1302 2552 ciuitatium
1351 2486 1655 2571 episcopi,
1704 2486 1931 2552 fratres
1979 2489 2046 2551 et
2091 2486 2577 2551 consacerdotes
2634 2483 2852 2550 nostri.

465 2595 506 2657 6
644 2590 1039 2676 Quamquam
1100 2597 1166 2658 et
1216 2594 1362 2669 iste,
1420 2593 1529 2676 qui
1586 2613 1655 2659 se
1712 2595 1815 2658 tot
1867 2611 2169 2658 annorum
2233 2593 2605 2676 episcopum
2670 2590 2848 2668 dicit,
2887 2610 2940 2648 no

554 2697 709 2780 quid
762 2698 825 2762 in
881 2717 984 2765 me
1047 2699 1249 2764 tirone
1313 2700 1559 2775 timeat,
1625 2698 1970 2781 quominus
2030 2716 2281 2764 mecum
2347 2697 2508 2762 uelit
2569 2697 2850 2762 conferre

552 2822 901 2870 sermonem
971 2825 1095 2871 non
1145 2806 1303 2871 satis
1348 2804 1684 2889 intellego:
1750 2804 1806 2870 si
1862 2804 2215 2869 doctrinam
2271 2803 2634 2868 liberalium
2678 2803 2847 2868 litte·

548 2932 782 2991 rarum,
830 2932 989 2995 quas
1034 2912 1198 2979 forte
1242 2911 1381 2995 ipse
1426 2915 1541 2976 aut
1582 2930 1708 2976 non
1746 2910 1976 2976 didicit
2010 2913 2124 2974 aut
2158 2910 2372 2974 minus
2412 2908 2656 2985 didicit,
2695 2908 2849 2991 quid

550 3021 671 3084 hoc
715 3020 991 3104 pertinet
1034 3018 1115 3084 ad
1161 3038 1299 3084 eam
1345 3018 1804 3102 quaestionem,
1865 3036 2026 3100 quae
2084 3018 2187 3084 uel
2242 3016 2319 3080 de
2366 3015 2607 3081 sanetis
2654 3014 2849 3098 scrip-

547 3126 713 3192 turis
776 3125 880 3191 uel
937 3126 1336 3200 documentis
1402 3123 1856 3190 ecclesiasticis
1923 3127 2038 3188 aut
2100 3123 2375 3216 publicis
2445 3121 2848 3187 discutienda
2882 3140 2940 3181 ω

547 3236 667 3311 est,
714 3233 778 3297 in
826 3232 1059 3314 quibus
1105 3231 1215 3295 ille
1261 3250 1372 3315 per
1417 3235 1516 3295 tot
1561 3249 1757 3294 annos
1797 3232 2112 3305 uersatur,
2150 3227 2317 3293 unde
2355 3229 2419 3291 in
2458 3226 2847 3292 eisdeberet

618 3477 652 3529 2
690 3475 830 3546 ipse]
869 3475 963 3528 ille
999 3474 1075 3529 M
1249 3475 1282 3527 3
1319 3472 1428 3526 illi·
1460 3471 1663 3540 (fuitne
1699 3471 1853 3525 illurn
1874 3472 1925 3536 3²)
1966 3469 2028 3524 F
2236 3471 2371 3540 sint]
2418 3470 2622 3523 fuerint
2646 3471 2844 3539 flrm

549 3567 581 3619 4
615 3570 834 3619 nostrae
872 3562 1226 3616 dissensionis
1262 3560 1319 3616 R
1399 3563 1433 3615 5
1460 3564 1636 3615 terror
1673 3558 1909 3614 MFAP
1942 3563 2031 3621 (m.
2055 3562 2094 3612 2
2126 3558 2155 3611 1
2190 3562 2358 3624 error)
2463 3560 2493 3612 7
2533 3559 2844 3630 populariae

549 3659 657 3707 μιιιι
690 3652 766 3707 Μ
797 3651 1081 3722 popularia
1116 3650 1231 3703 sint
1264 3650 1319 3703 A
1426 3649 1461 3702 8
1499 3656 1684 3718 partes
1718 3647 1793 3702 M
1902 3647 1969 3702 10
2007 3646 2077 3701 ad
2113 3663 2198 3700 me
2235 3646 2487 3701 nonnulli
2522 3647 2579 3703 R
2684 3648 2842 3703 ierim

553 3743 610 3791 zv]
653 3741 1052 3795 constantinam
1091 3738 1167 3793 M
1288 3737 1351 3791 11
1392 3736 1575 3808 plures
1611 3736 1692 3789 ibi
1727 3735 1784 3791 R
1926 3736 2027 3806 ibi]
2064 3734 2166 3796 illi,
2204 3750 2328 3788 corr
2384 3734 2597 3800 (παρ)
2638 3735 2754 3791 illic
2790 3735 2847 3791 P

621 3831 790 3899 plure,
825 3845 893 3883 m.
915 3832 955 3881 2
987 3827 1173 3896 plures
1199 3826 1256 3880 P
1357 3826 1475 3896 ipse
1504 3824 1563 3879 F'
1595 3829 1686 3890 (ιι.
1708 3824 1797 3877 2?
1832 3824 1964 3894 ipsi)
1991 3824 2047 3877 A
2124 3823 2189 3877 12
2214 3823 2475 3879 milenum
2506 3841 2545 3877 a
2580 3824 2840 3879 Mileuum

549 3943 561 3965 ψ
613 3918 851 3972 Hileuirn
888 3920 1006 3971 ceu.
1045 3915 1168 3971 edd.
1389 3916 1456 3968 14
1489 3912 1844 3985 hipponensis
1879 3913 1934 3966 A
1971 3911 2094 3967 edd.
2289 3914 2353 3965 15
2400 3911 2752 3967 Proculeiano
2792 3930 2845 3968 m

557 4011 613 4059 1³4
657 4005 741 4059 uel
780 4003 936 4059 nobis
971 4004 1242 4074 inponunt
1277 4020 1380 4058 om.
1424 4004 1473 4056 A
1677 4002 1742 4055 19
1790 4001 2098 4056 ciuitatium
2146 3999 2207 4052 F
2248 4001 2290 4064 (i
2327 4005 2463 4068 post
2506 4004 2533 4053 t
2577 4006 2744 4067 eras.)
2790 4002 2847 4055 P

549 4099 581 4139 ri
617 4100 744 4163 pust
794 4097 820 4145 t
868 4098 1010 4161 ap.)
1064 4092 1346 4145 ciuitatum
1395 4088 1524 4145 MR
1571 4089 1694 4144 edd.
1914 4089 1985 4144 20
2035 4088 2208 4150 annis,
2245 4092 2366 4142 αι]
2400 4101 2578 4156 supra
2613 4088 2640 4141 1
2675 4105 2843 4144 anno·

549 4203 657 4239 -ιηΠ
707 4183 754 4238 R
949 4179 1117 4244 ducit,
1156 4196 1295 4234 corr.
1333 4198 1401 4236 m.
1425 4184 1453 4233 1
1491 4179 1627 4233 dicit
1663 4178 1736 4232 M
1895 4178 1961 4233 21
2005 4177 2164 4231 uellit
2207 4175 2268 4230 F
2425 4177 2500 4230 22
2534 4175 2841 4233 liberalium

545 4272 842 4326 staminum
881 4270 937 4326 R
