3309 4867
250 377 316 450 224
598 373 625 428 8.
653 371 793 427 Aureli
820 371 1046 441 Augustini

251 572 376 654 quando
407 573 478 638 eius
509 581 577 640 non‘
598 570 804 655 ampleotitur
826 571 1004 636 unitatem?
1033 589 1108 636 enm
1131 590 1207 656 ergo
1231 572 1271 636 ad
1299 574 1409 638 ootho-

250 678 347 743 lioam
369 679 512 758 ueniunt,
535 698 597 747 non
619 678 672 743 hie
696 676 868 761 ascipiunt,
892 676 979 758 quod
1001 676 1175 743 habebant:
1201 681 1238 743 ut
1255 679 1409 761 prodesse

241 783 318 854 'illia
349 784 492 868 incipiat,
526 784 610 869 qnod
638 783 809 862 habebant,
837 782 1001 865 aoeipinnt
1027 783 1090 860 hio,
1119 782 1205 865 quod
1228 803 1290 850 noa
1313 784 1410 850 habe.

252 893 343 966 bant;
366 890 433 970 ,hic
469 890 554 956 enim
590 890 729 957 radicem
767 888 911 955 ennete
947 891 980 954 in
1017 888 1148 954 uinculo
1185 891 1275 971 paeie
1312 894 1344 955 et
1374 891 1409 958 in

253 995 408 1062 soeietate
429 996 574 1074 unitatis,
596 999 636 1062 ut
657 1015 718 1062 non
738 994 779 1060 ad
798 993 1033 1063 damnationem
1051 995 1110 1062 sed
1128 993 1168 1059 ad
1186 996 1408 1061 liberationem
1444 1016 1462 1055 a

244 1104 319 1167 ‚illie
351 1104 480 1167 ualeant
511 1102 626 1180 omnia,
660 1120 741 1188 quae
773 1101 903 1175 habent,
931 1104 1129 1167 sacramenta
1155 1101 1314 1167 dentatis.
1347 1122 1410 1176 aon

255 1209 339 1275 enim
366 1207 482 1273 debent
508 1190 636 1294 gloriari
659 1209 828 1280 samuenta,
853 1207 1012 1290 quianon
1037 1212 1113 1272 sunt
1136 1208 1301 1293 spinarum
1322 1209 1412 1293 ligna

255 1315 313 1380 sed
345 1313 435 1395 uitis.
468 1314 496 1379 ei
529 1315 614 1379 enim
645 1334 708 1379 non
738 1315 768 1379 in
797 1313 904 1379 radice
933 1314 1081 1388 uixerint‚
1110 1332 1183 1378 oum
1211 1316 1281 1379 tota
1304 1315 1411 1397 speeie

256 1421 307 1485 sui
339 1420 370 1484 in
401 1419 508 1504 ignem
533 1422 712 1486 mittentur.
745 1420 785 1485 de
812 1419 1006 1504 quibusdam
1033 1423 1139 1484 autem
1173 1421 1271 1487 ramis
1302 1420 1411 1487 fractis

256 1526 338 1592 dixit
364 1527 541 1614 apestolus,
569 1527 645 1611 quia
671 1530 815 1609 potens
845 1529 910 1591 est
933 1525 1032 1591 dens
1055 1525 1203 1592 iterum
1227 1527 1462 1600 insererem

256 1633 366 1698 illos.
389 1634 423 1697 et
443 1632 526 1711 ideo,
551 1632 761 1699 dilectissime
779 1631 886 1711 frater,
906 1651 1126 1715 quoscumque
1145 1632 1272 1714 illorum
1292 1634 1411 1699 uideris

257 1740 339 1804 sorte
362 1738 555 1818 dubitantes,
579 1758 643 1822 quo
666 1739 775 1804 ordine
798 1739 1018 1822 suscipiantur
1036 1757 1054 1826 a
1072 1738 1175 1815 nobis,
1196 1738 1328 1805 ostende
1345 1740 1411 1805 illis

258 1848 366 1923 istam,
397 1863 491 1928 quam
523 1845 604 1911 bene
635 1845 731 1924 nosti,
764 1863 893 1911 manum
926 1864 1029 1911 meam
1063 1848 1105 1921 et,
1140 1845 1168 1909 ei
1199 1865 1271 1918 earn
1298 1846 1411 1912 habere

258 1951 430 2028 noluerint,
463 1950 608 2026 habeant,
643 1952 719 2036 quia
749 1953 865 2017 testem
899 1950 995 2017 deum
1027 1952 1110 2018 facio
1143 1957 1240 2038 super
1275 1954 1411 2017 animam

260 2057 307 2122 sie
339 2076 394 2122 eos
426 2076 478 2121 me
506 2063 744 2142 suscepturum,
773 2061 810 2122 nt
837 2077 900 2124 non
927 2057 1034 2123 solum
1058 2057 1257 2140 baptismum
1281 2056 1411 2133 Christi,
1432 2076 1459 2118 ns

260 2182 355 2245 quem
387 2168 585 2246 aeceperunt,
617 2165 725 2248 ipsum
757 2163 896 2229 habeant
924 2163 981 2230 sed
1010 2164 1106 2229 etiam
1134 2164 1286 2229 honorem
1313 2164 1413 2248 paeti-

260 2268 360 2337 monii
382 2273 416 2334 et
438 2269 672 2335 continentiam.

788 2457 886 2529 oxon.
1002 2443 1008 2456 ’

260 2598 407 2654 DOMINO
430 2598 650 2654 Bnanlssmo
674 2599 719 2655 ΕΤ
738 2599 1037 2658 verumtamen
1061 2598 1257 2660 canissndo
1275 2600 1321 2655 ΕΤ
1340 2598 1413 2655 SIN-

261 2679 452 2742 CERISSIMO
472 2687 605 2741 FRATRI
622 2687 670 2742 ΕΤ
685 2687 968 2745 consecr-rabodi
988 2689 1129 2745 elevatio
1150 2689 1195 2744 ΕΤ
1211 2688 1277 2754 QUI
1289 2686 1414 2743 TECUM
1432 2697 1462 2737 ao

262 2771 357 2831 SUNT
374 2774 575 2831 FRATRIBUS
589 2776 745 2832 ALYPIUS
765 2776 809 2834 ΕΤ
831 2776 1061 2832 AUGUSTINUS
1080 2776 1128 2831 ΕΤ
1147 2775 1350 2834 sensuales
1369 2774 1413 2829 ΕΤ

343 2862 406 2928 QUI
424 2863 613 2919 NOBISCUM
631 2865 725 2921 SUNT
744 2864 907 2921 FRATRES
929 2866 967 2920 ΙΝ
987 2863 1135 2921 DOMINO
1156 2864 1333 2920 SALUTEM.

220 2994 235 3056 l
309 2989 389 3060 Cum
413 2991 589 3056 Subsanam
617 2990 820 3067 uenissemus
848 2993 891 3068 et,
920 3010 1001 3074 quae
1023 2992 1091 3056 illio
1113 2992 1205 3057 nobis
1229 2990 1413 3056 absentibus

263 3099 372 3160 oontm
399 3100 540 3162 nostram
564 3098 764 3162 uoluntatem
787 3100 881 3180 gesta
903 3097 1038 3176 fuerant,
1063 3116 1297 3180 quaereremus,
1321 3115 1414 3181 quae-

264 3201 347 3278 dam,
381 3202 467 3266 siout
497 3202 710 3278 audieramus,
744 3202 899 3288 quaedam
937 3221 1012 3266 nero
1050 3200 1142 3267 aliter
1178 3201 1272 3278 saeta,
1310 3202 1416 3267 omnia
1433 3227 1462 3269 ae

354 3408 583 3468 6Rom.11.18
640 3409 674 3463 so
691 3405 769 3466 eom.
790 3409 833 3473 11,
852 3410 901 3486 aew

301 3551 375 3612 dut,
393 3552 459 3601 m.2
477 3548 525 3602 aed
544 3554 576 3602 ut
592 3546 622 3604 Β
639 3548 688 3604 sed
707 3552 740 3603 at
757 3548 818 3604 edd.
880 3549 962 3603 3hio
981 3547 1063 3618 qnod]
1082 3548 1111 3602 hi
1131 3547 1204 3619 qood
1225 3548 1252 3602 Τ
1308 3546 1414 3602 drodi-

265 3636 334 3706 oem]
354 3635 490 3706 aooipiunt
508 3636 625 3691 radicem
645 3636 707 3692 edd.
778 3637 865 3707 pacis,
884 3641 950 3690 Μ
968 3636 1042 3705 pse-is
1061 3636 1200 3706 accipiunt
1216 3634 1246 3688 R
1305 3636 1320 3689 7
1340 3635 1416 3704 ligno

265 3741 316 3779 om.
339 3724 365 3777 T
407 3725 528 3780 emam
576 3726 610 3779 10
628 3723 742 3779 dioitU
786 3723 819 3785 le
838 3741 898 3778 eam
919 3724 991 3794 apud
1010 3721 1195 3779 rehaberent
1243 3725 1276 3777 14
1289 3723 1414 3785 animam,

265 3820 330 3869 aa2
348 3815 463 3868 animam
482 3830 570 3868 meam
587 3813 616 3868 Β
634 3814 755 3868 ιιιιίιιιιιιιι·
773 3827 860 3871 meam
880 3813 942 3868 edd.
994 3815 1026 3867 16
1044 3813 1255 3867 sanctimoniim
1302 3810 1334 3867 17
1353 3828 1415 3866 con·

264 3901 483 3976 tinentiae'ssm

355 4045 433 4098 nae»
451 4044 563 4114 mooe,
582 4045 631 4112 aaa
647 4045 680 4098 oa
698 4057 738 4112 ep
759 4042 842 4101 exn.

302 4188 337 4241 ‘20
356 4201 448 4240 seuero
467 4187 513 4256 (eu
530 4187 563 4240 ιἰι
580 4188 650 4247 ras.)
668 4184 697 4239 U
747 4186 779 4239 21
801 4184 933 4239 fratribus
951 4191 1017 4239 sunt
1037 4184 1062 4238 Τ
1113 4183 1228 4254 Alypius
1247 4181 1417 4251 Augustiana

267 4275 327 4328 edd.
400 4275 546 4329 asmantiae
565 4273 782 4329 Haemum·
805 4274 831 4327 Τ
883 4275 918 4328 24
937 4280 1058 4328 nostram
1076 4289 1128 4335 om.
1151 4272 1177 4325 Τ
