3309 4867
655 332 917 401 epistularum
945 332 1053 388 XLVII.
1362 339 1427 404 133

280 525 423 590 adhiberi
450 527 483 588 et
510 524 549 589 ds
576 523 737 598 Hiericho,
766 527 803 588 ut
831 545 922 590 omne
951 543 1075 604 aurum,
1098 531 1265 612 argentum
1288 530 1321 592 et
1343 546 1428 593 sera-

279 635 422 698 mentum
458 631 626 696 inferretur
661 631 692 695 in
730 630 898 696 thesauros
934 619 1075 698 domini.¹
1102 636 1292 717 quapropter
1316 634 1426 699 'etiam

279 737 370 816 illud,
394 739 479 822 quod
507 738 538 802 in
563 737 809 804 Deuteronomio
844 738 999 821 seriptum
1032 741 1096 804 est:
1124 738 1208 805 Non
1242 742 1428 824 eoncupi-

280 865 372 911 sees
387 850 599 930 argentum
615 845 682 910 uel
700 863 836 910 aurum
857 844 1024 910 illorum
1044 864 1117 911 neo
1136 847 1316 929 recipies
1335 846 1428 911 inde

252 951 430 1028 stib'ine
450 946 808 1036 exoedss'propter
826 952 945 1030 illud,
965 952 1152 1036 quoniam
1173 953 1427 1021 abominatio

283 1062 350 1123 est
377 1057 537 1123 domino
567 1057 639 1123 deo
667 1063 754 1133 tuo:
784 1063 823 1122 et
853 1077 928 1124 non
962 1059 1148 1125 conferes
1182 1077 1428 1126 execramen-

281 1168 366 1227 tum
402 1163 440 1228 in
479 1164 634 1229 domum
667 1166 775 1229 tuam
808 1169 848 1232 et
879 1166 962 1229 eris
995 1166 1216 1243 anathema,
1249 1165 1361 1231 siout
1390 1171 1430 1232 et

282 1269 389 1334 illud
413 1273 486 1347 est,
510 1276 550 1335 et
573 1257 806 1336 offensione
824 1270 1012 1337 offendes
1032 1276 1071 1336 et
1089 1271 1429 1354 coinquinatione

282 1376 570 1460 inquinaberis
590 1377 898 1442 abominatione
916 1377 1002 1457 illa,
1022 1377 1341 1461 quiaanathema
1356 1382 1428 1445 est.

236 1506 264 1544 ιο
282 1483 361 1548 satis
393 1489 522 1567 apparet
554 1487 611 1549 aot
641 1484 729 1565 ipsos
761 1485 906 1566 priuatos
929 1503 1009 1550 usus
1032 1484 1064 1549 in
1087 1483 1208 1550 talibus
1231 1503 1301 1550 esse
1324 1484 1429 1567 prohi-

281 1588 367 1653 bitos
396 1592 461 1662 aut
490 1608 529 1654 ne
556 1591 603 1654 sio
629 1589 703 1654 inde
732 1589 854 1673 aliquid
879 1591 1033 1655 inferatur
1054 1590 1086 1655 in
1110 1589 1251 1668 domum,
1275 1595 1312 1655 ut
1335 1592 1430 1657 bono·

1 1698 3 1771 l
282 1699 383 1768 retum
416 1698 493 1761 tuno
527 1700 577 1761 est
608 1696 690 1761 enim
727 1695 920 1762 abominatio
954 1696 1179 1771 stemmatio,
1207 1716 1268 1762 non
1296 1716 1367 1760 enm
1396 1696 1428 1761 in

1 1886 2 1891 ἵ
282 1800 402 1865 talibus
429 1802 604 1887 sacrilegus
632 1802 732 1869 honor
758 1802 961 1884 apertissima
983 1802 1199 1868 destructione
1221 1802 1430 1867 subuertitur.

1 1904 3 1953 l
184 1906 207 1970 4
328 1907 375 1972 De
403 1909 486 1973 esois
514 1913 621 1974 nutem
650 1908 805 1975 idolomm
834 1909 915 1974 nihil
941 1909 1079 1992 amplius
1106 1929 1164 1975 nos
1188 1908 1301 1975 debere
1324 1909 1430 1974 obser-

238 2037 264 2076 ιο
282 2034 369 2091 nare,
395 2034 490 2098 quam
513 2016 599 2098 quod
621 2016 781 2099 praeoepit
803 2017 980 2098 apostolus,
1004 2020 1110 2081 sertus
1134 2018 1214 2081 esto.
1243 2020 1276 2081 et
1297 2013 1368 2080 ideo
1392 2013 1432 2079 de

283 2119 343 2184 huo
365 2139 398 2184 re
421 2120 519 2187 uerba
542 2121 610 2186 eius
634 2121 747 2195 rooole,
771 2140 850 2204 quae
874 2122 902 2187 si
926 2121 1062 2186 obseura
1084 2125 1203 2199 essent,
1226 2139 1281 2203 pro
1300 2120 1430 2186 modulo

283 2229 391 2291 nostro
426 2244 665 2310 exponeremus.
702 2246 764 2292 nou
798 2235 905 2293 autem
937 2230 1059 2311 pendat,
1092 2227 1146 2311 qui
1181 2227 1287 2292 eibum
1319 2230 1433 2311 postea

283 2331 428 2397 nesciens
464 2332 716 2410 manduoauerit‚
753 2352 848 2416 quem
884 2333 972 2417 prius
1014 2341 1177 2416 tamqnam
1219 2333 1432 2418 idolothytum

263 2438 416 2524 [respuit.
440 2438 534 2504 holus
558 2439 612 2504 uel
635 2439 772 2524 quilibet
794 2439 919 2505 fruetus
943 2443 974 2506 in
994 2440 1138 2523 quolibet
1155 2459 1231 2525 agro
1250 2444 1343 2505 nutus
1362 2440 1432 2506 eius

237 2569 264 2606 so
283 2549 343 2622 est,
359 2545 414 2628 qni
428 2546 559 2623 creauit,
573 2545 649 2628 quia
665 2546 804 2611 domini
823 2550 883 2612 est
900 2549 1001 2612 terra
1020 2549 1057 2611 et
1073 2544 1274 2630 plenitudo
1294 2546 1379 2611 eius
1399 2549 1433 2610 et

284 2652 404 2716 omnis
433 2655 607 2717 ereatura
634 2652 694 2717 dei
721 2651 818 2718 bona
841 2656 909 2719 est.
934 2651 991 2718 ssd
1014 2652 1043 2719 si
1066 2651 1267 2735 illudquod
1289 2652 1322 2717 in
1346 2652 1432 2736 agris

284 2757 435 2834 nascitur,
464 2762 667 2824 consecratur
693 2758 780 2824 idolo
808 2759 861 2823 uel
889 2758 1095 2836 sordidentur,
1124 2762 1201 2825 tuno
1227 2758 1311 2844 inter
1332 2757 1433 2824 idolo·

373 2949 444 3002 2-9
463 2947 541 3019 einp.
563 2951 623 3010 129.
642 2949 713 3016 3-b
771 2949 789 3005 3
810 2947 890 3003 Dent.
911 2949 936 3010 7,
955 2949 1062 3004 25-26
1116 2948 1152 3003 20
1170 2948 1215 3034 es.
1235 2948 1279 3012 23,
1295 2948 1323 3010 l;
1342 2947 1432 3003 ICor.

286 3037 328 3096 10,
347 3037 381 3091 26
436 3037 469 3091 21
491 3037 504 3091 1
523 3035 591 3091 Tim.
609 3038 673 3102 al

324 3159 515 3230 tangentum]
540 3163 568 3214 et
592 3164 735 3231 argentum
753 3160 781 3214 A
871 3161 1064 3215 dthesaurnm
1082 3158 1110 3215 Β
1200 3158 1316 3229 sinuo]
1335 3159 1387 3214 hoe
1405 3157 1434 3214 Β

320 3247 383 3302 iude
406 3251 484 3302 utero
506 3248 596 3302 nomio
615 3247 646 3303 F
664 3247 693 3302 in
716 3248 885 3303 deuteromio
910 3247 947 3303 M
1033 3250 1051 3304 4
1075 3264 1168 3302 aurum
1193 3245 1434 3324 etargentum·1l

321 3336 438 3406 seoipias
455 3335 484 3390 Β
526 3337 603 3406 bne]
622 3353 672 3392 neo
691 3337 719 3390 P
735 3339 766 3391 ut
784 3353 839 3392 non
857 3335 885 3393 Β
928 3335 1087 3391 ssconieras
1104 3336 1142 3390 P¹
1205 3339 1432 3390 exsacramentum

284 3423 349 3479 ΡΡι
373 3429 440 3488 (roe.
464 3430 491 3479 et
513 3439 582 3480 corr.
601 3429 668 3480 nest
686 3426 851 3494 execratum)
875 3429 1061 3481 execramento
1079 3423 1145 3479 ΜΒ
1165 3441 1196 3479 er
1219 3427 1387 3479 sacramento
1405 3424 1433 3475 A
1542 3495 1545 3503 ἱ

284 3514 351 3568 Set
368 3512 700 3568 offensione-suatbems
717 3516 761 3568 est
779 3531 831 3570 orn.
845 3515 873 3568 Α
928 3512 1042 3570 odendis
1061 3512 1098 3567 M
1114 3511 1236 3567 otiendss
1249 3511 1286 3565 Ρι
1323 3510 1433 3565 tonin-

285 3602 442 3675 quineberis
460 3601 488 3656 Β
541 3601 815 3665 eunomiumne
833 3593 1007 3656 abhominare
1025 3600 1062 3654 M
1102 3600 1144 3662 lo
1155 3616 1227 3662 usos,
1245 3601 1312 3653 Μ
1328 3615 1393 3654 usas
1409 3598 1436 3653 P

223 3735 228 3756 .
322 3707 381 3746 esse
398 3690 426 3745 iu
444 3689 547 3745 talibus
566 3689 594 3744 Β
692 3706 779 3745 esse-n
797 3690 839 3761 (se
858 3694 908 3744 out
927 3705 956 3743 re
974 3704 1045 3745 eron
1063 3687 1134 3753 uid.)
1154 3687 1181 3742 P
1278 3686 1433 3758 prohibitis,

286 3781 352 3831 ποθ
369 3777 519 3848 prohibitos
537 3776 576 3832 M
629 3777 659 3832 ll
680 3792 730 3832 ue·
748 3777 775 3848 (o
792 3777 875 3841 eros.)
893 3776 921 3831 P
994 3774 1098 3845 aliquid
1117 3774 1181 3829 inde
1200 3772 1228 3828 Β
1283 3774 1316 3829 12
1335 3774 1364 3828 in
1382 3791 1432 3830 om.

286 3863 484 3922 MFAP¹RP²
499 3865 559 3920 edd.
616 3865 649 3920 18
667 3865 764 3920 tatium
782 3881 809 3919 nr
863 3864 1015 3934 sacrilegiis
1028 3862 1084 3918 FR
1101 3862 1162 3917 edd.
1181 3866 1290 3932 praeter
1306 3879 1333 3916 ns
1351 3862 1434 3916 sarri-

286 3956 357 4025 legis
375 3953 414 4009 P‘
482 3956 515 4010 15
534 3954 667 4025 apostolis
685 3952 713 4010 Β
781 3955 814 4008 16
833 3953 974 4014 οἱοοοοο..
991 3956 1052 4006 nal
1071 3952 1137 4007 odd.
1157 3950 1194 4005 Ρι
1265 3951 1316 4024 χοί]
1335 3949 1388 4004 sibi
1407 3948 1438 4003 F

167 4063 170 4068 ·
289 4044 323 4099 18
340 4044 446 4098 nmeius
464 4041 493 4096 Β
563 4040 749 4113 idolothyrum
766 4042 802 4096 M
893 4039 926 4094 19
944 4040 1059 4110 respuit]
1078 4039 1244 4109 eontempsit
1259 4037 1288 4094 Β
1359 4038 1434 4112 qnis-

287 4132 358 4186 libet
374 4129 430 4187 Fa
527 4130 717 4200 ardendas
736 4129 763 4183 A
837 4128 897 4198 sedi
917 4127 990 4199 qnod
1008 4126 1047 4181 P’
1129 4126 1252 4181 nascitur
1269 4126 1297 4180 in
1315 4126 1388 4196 egris
1406 4124 1435 4179 Β

288 4220 323 4275 22
341 4207 478 4276 {eillomor
494 4218 523 4275 Β
594 4216 781 4286 idolosothyte
798 4216 828 4272 F
841 4215 1026 4271 idolosotbiea
1045 4219 1087 4280 (so
1105 4220 1178 4285 sep.)
1196 4213 1235 4269 M
