3309 4867
591 391 856 464 epistularum
886 393 944 448 cn.
1276 398 1342 464 559

188 586 283 673 egeat
306 588 395 665 deus,
424 605 496 653 cum
520 587 552 652 in
576 585 698 652 eisdem
719 585 800 671 ipsis
821 586 938 653 litteris
963 586 1163 670 apertissime
1186 586 1339 671 scriptum

189 695 247 762 sit:
271 694 364 762 Dixi
389 693 566 759 domino:
591 693 711 759 ‘Deus
735 712 847 759 meus
871 711 912 758 cs
935 697 990 772 tu,
1014 693 1201 777 quoniam
1224 693 1341 761 bono-

144 881 149 896 Ι
187 821 271 867 rum
296 807 473 873 meorum
496 819 571 866 non
595 806 711 884 egee’,
730 798 787 865 sed
806 799 893 882 quod
912 800 1008 865 etiam
1026 800 1059 866 in
1079 799 1129 866 his
1153 800 1204 866 uei
1230 818 1341 884 accep-

131 910 144 965 l
186 908 293 975 tondis
321 909 375 974 nai
401 906 609 992 reprobandis
641 907 696 972 uel
729 906 940 991 percipiendis
969 906 1122 1004 nonnisi
1157 905 1340 972 hominibus

156 1014 344 1082 sconsulat.
367 1013 460 1082 uobis
483 1012 567 1079 onim
590 1012 721 1096 prodest
744 1012 848 1079 colera
872 1012 977 1091 deum,
1001 1031 1064 1077 non
1086 1011 1150 1095 ipsi
1173 1012 1241 1078 deo.
1266 1031 1339 1078 curn

188 1140 263 1207 ergo
294 1121 430 1205 inspirat
455 1123 492 1185 *et
518 1119 622 1198 docnt,
657 1138 719 1203 quo
751 1120 847 1185 modo
876 1120 1029 1185 colendus
1058 1119 1112 1197 sit,
1144 1134 1206 1185 non
1234 1118 1339 1186 solum

188 1247 246 1293 sua
272 1228 362 1293 nulla
388 1226 565 1311 indigentia
590 1226 671 1292 facit
694 1226 750 1291 sed
772 1229 882 1292 nostra
904 1225 1042 1292 maxima
1064 1226 1215 1293 utilitate.
1243 1226 1340 1311 signi·

185 1333 317 1399 ficatiua
338 1336 417 1399 sunt
434 1336 542 1399 autom
561 1333 667 1399 omnia
689 1332 768 1398 talia
790 1332 947 1398 sacrificia
964 1335 997 1399 et
1014 1332 1211 1416 qnamndam
1232 1339 1339 1398 rernm

186 1439 426 1517 similitudines,
446 1437 564 1521 quibus
583 1438 747 1504 admoneri
763 1456 822 1504 nos
842 1440 969 1522 oportet
986 1438 1026 1503 ed
1045 1456 1082 1503 aa
1100 1438 1180 1521 ipsa,
1204 1456 1338 1522 quorum

139 1569 168 1611 ao
187 1544 414 1612 similitudines
433 1546 520 1622 suut,
539 1543 609 1610 sius
629 1542 800 1613 scrutanda
813 1543 884 1609 siue
898 1543 1059 1610 noscenda
1077 1544 1147 1609 sine
1160 1543 1338 1610 recolenda.

186 1651 224 1718 de
253 1671 316 1736 qua
341 1670 387 1729 re,
417 1653 571 1734 quantum
600 1651 679 1717 satis
706 1666 766 1731 es,
800 1649 983 1716 disserenda
1009 1669 1071 1716 non
1099 1650 1206 1716 breuis
1233 1669 1337 1717 sermo

184 1757 378 1844 flagitandus
407 1760 467 1834 est,
500 1774 563 1839 qno
596 1774 681 1822 nunc
707 1760 899 1839 respondere
925 1755 1018 1821 nobis
1050 1755 1249 1840 propositum
1278 1759 1338 1822 est.

184 1865 369 1950 praesertim
403 1856 478 1948 qnia
508 1860 540 1927 in
574 1861 646 1929 aliis
675 1864 841 1948 opusculis
869 1862 987 1952 nostris
1018 1861 1057 1927 de
1089 1862 1149 1928 hac
1174 1881 1208 1927 re
1235 1862 1338 1928 multa

182 1972 247 2045 iam
278 1969 416 2036 diximus
449 1973 491 2047 et,
520 1969 575 2053 qui
603 1971 677 2034 ante
708 1988 767 2035 nos
799 1968 851 2035 dei
884 1968 1010 2052 eloquia
1040 1970 1269 2049 inminuerunt,
1298 1968 1337 2035 de

137 2099 165 2138 aa
184 2076 450 2145 similitudinibus
465 2075 692 2142 sacdficiorum
707 2075 825 2141 ueteris
839 2075 1024 2160 testamenti
1037 2079 1201 2158 tamquam
1214 2074 1337 2143 umbris
1363 2112 1367 2125 ·

181 2183 358 2269 figurisque
382 2183 562 2249 futurorum
585 2182 714 2265 copiose
735 2181 837 2248 locuti
860 2185 947 2247 sunt.

83 2285 135 2352 18
227 2290 298 2357 Hoc
332 2307 407 2355 sane
434 2307 492 2355 nec
524 2288 556 2353 in
584 2288 650 2355 ista
676 2288 834 2354 breuitate
861 2287 1129 2371 praetereundum
1157 2290 1217 2366 est,
1250 2287 1335 2371 quod

182 2396 350 2480 templum,
375 2394 586 2473 sacerdotem,
610 2393 800 2460 sacrificium
825 2398 859 2460 et
877 2393 940 2460 alia
958 2412 1175 2479 quaecumque
1195 2394 1234 2460 ad
1257 2394 1335 2459 haec

182 2502 372 2586 pertinentia
403 2501 465 2567 nisi
497 2501 552 2566 uni
579 2519 656 2567 usro
685 2500 743 2566 deo
772 2500 881 2572 deberi
912 2504 1043 2567 nossent
1083 2500 1127 2565 dii
1158 2500 1241 2577 falsi,
1274 2500 1335 2566 hoc

134 2629 165 2673 ao
183 2613 234 2676 est
251 2608 432 2686 daemones,
456 2607 511 2691 qui
535 2609 611 2673 sunt
633 2606 903 2691 praeuaricatores
922 2608 1038 2692 angeli,
1061 2625 1235 2690 numquam
1257 2606 1334 2687 haec

182 2715 245 2782 sibi
278 2733 296 2780 a
327 2714 504 2781 cultoribus
541 2713 622 2792 suis,
661 2729 741 2797 quos
774 2713 948 2797 decipiunt,
984 2714 1187 2798 expetissent
1222 2731 1335 2778 uemm

181 2822 259 2889 haec
283 2842 355 2890 cnm
380 2822 567 2888 exhibentur
590 2822 649 2887 deo
678 2822 852 2889 secundum
878 2823 948 2888 eius
975 2820 1215 2904 inspirationem
1239 2822 1335 2903 atque

182 2929 370 3007 doctrinam,
394 2947 471 2995 uera
492 2928 605 3013 religio
625 2930 684 3005 est,
709 2932 909 2994 comantem
929 2927 1137 2993 daemonibus
1160 2926 1334 2992 secundum

182 3053 292 3102 eorum
319 3035 452 3120 impiam
474 3035 673 3135 superbiam,
705 3035 797 3101 noxia
829 3034 1016 3117 superstitio
1061 3016 1252 3118 quapropter
1280 3035 1335 3117 qui

135 3159 164 3201 υ
183 3139 381 3208 Christianae
421 3141 547 3235 litteras
582 3134 758 3225 ¹utriusqus
795 3142 980 3206 testamenti
1014 3140 1129 3218 sciunt,
1148 3189 1150 3193 -
1171 3159 1232 3205 non
1273 3140 1334 3206 hoc

271 3367 351 3423 21²⁸.
372 3369 451 3432 15,2
506 3370 541 3427 15
561 3366 620 3425 col.
639 3368 664 3433 2,
686 3369 730 3434 17,
751 3367 835 3423 chr.
857 3368 933 3457 ¹⁰⁹.¹

219 3491 649 3564 lopet,corr.m.1egeetdi
757 3493 786 3547 in
809 3490 913 3546 eisdem
937 3489 1279 3555 commiserandum
1298 3489 1335 3544 Μ

217 3582 384 3653 scriptume
406 3579 636 3651 Gsitscriptnm
655 3580 683 3634 P
701 3580 760 3636 edd.
814 3579 1123 3651 Setiam1ismetiam
1144 3579 1173 3634 E
1243 3580 1270 3634 in
1290 3579 1333 3634 his

182 3669 237 3740 uel]
257 3669 287 3724 in
303 3670 348 3724 his
368 3671 431 3737 (om.
450 3669 505 3731 uel)
524 3670 554 3724 E
625 3668 796 3739 donodomo
815 3667 850 3723 Η
929 3666 1156 3724 consulendusG
1229 3668 1334 3723 ‘laulla

183 3764 211 3823 (n
230 3756 364 3823 erucii!
399 3757 504 3828 dipsa,
522 3762 671 3814 m.1corr.
689 3757 748 3812 aid.
767 3758 826 3829 ipso
847 3756 965 3828 Hipsa,
983 3756 1119 3812 amaa
1136 3772 1204 3814 corr.
1224 3755 1332 3823 (mli)

181 3846 219 3901 Μ
285 3847 319 3902 10
338 3845 452 3901 colenda
472 3844 504 3900 H
570 3848 602 3902 ll
622 3846 783 3901 breuissime
801 3841 982 3917 flagellandus
1000 3847 1077 3916 (m
1094 3845 1119 3899 it
1134 3860 1224 3925 mprp
1242 3844 1289 3913 ell)
1312 3844 1336 3899 0

183 3936 217 3990 12
239 3935 319 3990 nobis
341 3950 394 3990 om.
413 3934 444 3990 E
550 3938 725 4000 asismat
747 3938 791 3991 cst
812 3933 839 3989 G
949 3936 981 3990 15
1004 3935 1164 3988 testamenti
1186 3933 1288 3988 ueteris
1307 3934 1336 3989 Ε

184 4024 217 4079 lt
235 4022 321 4078 locuti
339 4026 406 4078 aunt
424 4023 580 4096 copiosas}
672 4025 704 4078 li
723 4024 789 4095 ista]
807 4025 883 4078 insta
900 4023 932 4078 Ε
1005 4026 1048 4076 est
1065 4023 1099 4076 iss
1115 4022 1170 4090 fine
1186 4039 1215 4078 a.
1234 4025 1333 4077 osma

183 4112 218 4167 18
235 4111 415 4183 sacerdotem]
434 4111 617 4167 sacerdotium
638 4111 700 4168 (im
778 4111 811 4168 19
829 4128 884 4167 uno
903 4113 931 4167 A
1007 4112 1039 4166 21
1061 4110 1097 4165 ab
1114 4111 1145 4165 E
1214 4096 1281 4181 quos
1300 4127 1334 4165 aa

183 4216 261 4267 corr,
274 4200 337 4271 Μ
356 4199 429 4272 quod
451 4200 485 4255 H
582 4201 618 4256 24
641 4201 796 4271 superbiam
820 4217 872 4256 om.
897 4204 924 4254 A
1017 4199 1053 4255 25
1077 4203 1242 4254 testamenta
1272 4203 1334 4254 sal

182 4305 251 4344 corr.
270 4288 431 4344 testamenti
449 4288 482 4344 Η
