3309 4867
579 414 845 483 epistularum
871 414 966 469 XLIX.
994 415 1024 470 L.
1310 421 1373 486 143

784 609 819 674 L.

182 812 190 827 ι
258 745 494 803 DUCTORIBUS
512 747 558 803 AC
576 747 809 803 PRINCIPIBUS
823 749 894 804 VEL
912 721 1133 806 simoninus
1153 749 1338 807 conculsa

454 835 669 891 SUFETANAE
689 837 920 895 andosindus
939 837 1145 895 EPISCOPUS.

270 961 484 1028 Immanitatis
511 965 638 1028 uestrae
662 963 914 1029 famosissimum
939 939 1045 1030 scelus
1069 968 1102 1029 et
1123 965 1284 1048 inopinata
1306 986 1373 1031 cra·
1471 1015 1473 1019 »

189 1066 338 1134 adelitas
365 1073 481 1134 terram
512 1070 655 1135 concutit
686 1073 719 1133 et
745 1071 886 1151 percutit
911 1070 1046 1148 caelum,
1075 1074 1113 1136 nt
1138 1072 1169 1134 in
1198 1073 1314 1154 plateis
1338 1092 1373 1138 ac

224 1174 366 1241 delubris
388 1175 508 1241 uestris
532 1177 659 1241 eluceat
682 1176 813 1260 sanguis
837 1180 870 1241 et
891 1183 1017 1242 resonet
1039 1176 1261 1243 homicidium.
1288 1179 1374 1263 apud

224 1300 282 1365 uas
309 1282 471 1347 Romanae
499 1284 645 1366 sepultae
674 1286 749 1348 sunt
776 1284 875 1367 loges,
904 1282 1094 1348 iudiciomm
1122 1289 1280 1349 rectorum
1312 1286 1374 1349 cal·
1450 1334 1453 1340 .

224 1393 390 1454 natusest
411 1395 521 1469 miror,
546 1392 775 1473 imperatorum
799 1393 885 1454 certe
908 1390 997 1455 nulla
1014 1389 1175 1455 ueneratio
1194 1405 1251 1456 nec
1268 1391 1373 1456 timor.

224 1494 308 1577 apud
335 1514 395 1562 uos
419 1496 582 1580 sexaginta
604 1511 736 1559 numero
759 1496 894 1559 fratrum
916 1495 1064 1559 innocens
1088 1494 1209 1560 effusus
1232 1499 1283 1560 ast
1305 1517 1373 1563 san·

178 1617 205 1656 ¹⁰
225 1601 298 1684 guis
326 1608 369 1680 st,
398 1601 426 1666 si
455 1602 527 1686 quis
554 1602 664 1686 plures
692 1601 820 1679 occidit,
852 1601 983 1666 iunctus
1015 1604 1066 1665 est
1096 1601 1245 1668 laudibus
1277 1605 1310 1667 et
1341 1605 1372 1668 in

223 1712 364 1773 naamam
401 1709 521 1774 coriam
558 1709 663 1773 tenuit
700 1707 920 1791 principatum.
958 1726 1017 1792 age
1054 1726 1138 1773 nnnc
1168 1708 1372 1791 principalem
1432 1717 1436 1722 “

223 1814 391 1879 ueniamus
423 1815 463 1879 ad
495 1831 636 1881 cansam.
669 1815 696 1880 si
726 1815 897 1879 Herculem
924 1818 1069 1879 nestrum
1097 1814 1248 1891 dixeritis,
1280 1835 1373 1898 porro
1438 1831 1439 1834 ’

222 1919 408 1997 reddemus3
446 1920 564 1986 adsunt
598 1921 740 1997 metalla,
777 1926 852 1986 saxa
889 1937 946 1987 nec
983 1920 1112 1998 desunt3
1151 1920 1305 1988 accedunt
1341 1927 1392 1987 et·

223 2044 419 2098 marmorum
452 2046 577 2111 genera,
610 2026 796 2110 suppeditat
823 2027 980 2092 artificum
1004 2032 1106 2110 eopia.
1130 2031 1271 2091 ceterum
1296 2026 1374 2093 dens

176 2158 204 2198 aa
223 2138 332 2198 uester
355 2152 427 2198 cum
452 2133 621 2217 diligentia
644 2134 814 2217 sculpitur,
838 2137 984 2200 tornatur
1006 2137 1038 2199 st
1062 2138 1202 2209 ornatum
1227 2132 1373 2199 addimus

223 2242 257 2303 et
284 2240 454 2316 mbriaam
482 2259 563 2323 qnae
589 2242 703 2326 pingat
729 2241 886 2318 arborem,
918 2259 978 2323 quo
1007 2240 1132 2323 possint
1158 2244 1235 2305 uota
1266 2244 1375 2305 nestra

223 2364 313 2410 sacra
349 2365 472 2412 sonare.
509 2367 581 2412 uam
619 2347 648 2413 si
684 2350 828 2412 nastrum
860 2346 1031 2412 Herculem
1065 2339 1215 2423 dixeritis,
1239 2329 1374 2412 conlatis

222 2452 360 2536 singulis
396 2452 537 2517 nummis
573 2451 613 2517 ab
650 2452 771 2518 artirice
811 2457 920 2517 nestro
957 2452 1049 2517 nobis
1090 2452 1226 2517 emimus
1267 2451 1362 2517 deum

170 2548 172 2553 ’
222 2557 344 2623 reddite
367 2557 468 2643 igitur
486 2559 617 2638 animas,
639 2578 718 2643 quas
741 2559 924 2624 truculenta
945 2561 1053 2626 nestra
1075 2576 1187 2622 manns
1210 2558 1365 2624 contorsit

176 2689 205 2728 eo
222 2670 265 2740 et,
290 2666 387 2731 sicuti
411 2683 430 2730 a
452 2665 544 2732 nobis
566 2668 677 2731 uester
699 2665 856 2730 Hercules
878 2664 1074 2744 redhibetur,
1095 2665 1142 2729 sic
1165 2665 1260 2729 etiam
1281 2679 1373 2730 a'uo-

222 2770 272 2835 bis
297 2775 457 2836 tantorum
478 2772 600 2837 animae
624 2770 803 2837 reddantur.

439 3005 466 3058 Ρ
489 3029 524 3051 ==
542 3004 601 3059 cod.
622 3005 773 3058 Parisinus
790 3021 856 3059 nore.
877 3020 937 3073 neq.
953 3007 1033 3058 1672
1049 3021 1070 3059 s.
1090 3004 1138 3058 In'

443 3094 469 3143 V
490 3118 523 3139 =
543 3093 601 3148 eod.
626 3093 782 3147 Vaticanus
803 3096 862 3146 495
880 3110 901 3147 s.
921 3092 988 3155 XV.

442 3181 469 3236 U
491 3205 525 3228 =
545 3181 604 3237 cod.
629 3182 783 3235 Vaticanus
803 3184 864 3235 499
880 3203 901 3235 s.
921 3182 952 3235 X
958 3180 988 3235 1'.

312 3305 503 3376 Loaanr'erwea
529 3304 604 3358 iaaac
628 3304 777 3374 mutulam
800 3306 833 3359 iu
858 3321 915 3359 aaa
947 3304 1085 3359 Vaticano
1111 3304 1261 3372 eceurplori
1287 3307 1371 3370 (aba)

222 3400 360 3463 repertam
372 3394 464 3462 primi
479 3394 631 3449 ediderunt.

259 3533 451 3590 candoribus
473 3534 526 3590 l'U
542 3535 602 3590 eald.
685 3534 887 3589 3snliectanae
907 3533 961 3588 VU
977 3532 1038 3588 edd.
1115 3532 1245 3603 8terror]
1265 3537 1374 3587 tesorr
1420 3567 1423 3578 .

225 3624 258 3678 13
278 3622 338 3694 nec]
356 3640 391 3677 ue
414 3622 442 3678 U
539 3625 567 3677 et
585 3641 637 3678 om.
662 3622 717 3677 Vn
733 3622 794 3679 edd.
888 3622 921 3676 14
939 3621 1100 3692 suppetitia
1189 3622 1220 3674 16
1239 3620 1372 3675 lubricam

223 3713 270 3782 qni
289 3712 318 3766 P
347 3714 349 3717 ’
378 3712 471 3783 pingit
492 3711 622 3767 VUeda.
685 3711 843 3782 possuntP
893 3711 924 3765 l'i
944 3709 1198 3779 nasammonas>
1251 3710 1372 3765 discritis

223 3817 255 3856 ac
269 3800 377 3855 collatis
391 3802 418 3855 P
491 3801 523 3855 19
541 3800 699 3854 truculenta
717 3816 768 3853 ora.
793 3797 848 3855 ΠΙ
865 3798 925 3853 edri.
1011 3813 1106 3852 natans
1125 3800 1217 3851 nestra
1239 3798 1291 3853 ΠΙ
1311 3796 1369 3855 edd.

223 3890 256 3944 21
276 3888 426 3943 reddentur
449 3888 476 3944 U
1396 3899 1398 3910 '
