3309 4867
630 410 895 480 epistularum
924 408 1021 465 evin,
1340 411 1401 476 631

173 609 212 676 17
302 604 390 684 Quae
409 625 482 671 cnm
505 607 552 671 ita
575 606 649 682 sint
674 604 850 688 amplector
866 603 964 670 istam
983 603 1197 670 defensionem
1220 607 1319 669 tuam.
1343 604 1408 668 ieta

258 712 374 797 quippe
401 713 471 788 erit,
505 713 532 778 si
564 731 659 777 ueras
687 712 756 789 erit,
785 715 818 775 st
845 711 981 776 ueritate
1009 711 1166 787 uincetur,
1198 710 1227 775 si
1254 710 1318 776 ista
1344 728 1405 774 non

258 818 327 884 erit.
364 819 549 903 amplector,
581 818 722 901 inquam,
755 817 971 883 defensionem
1002 819 1103 896 tuam,
1136 816 1193 883 sed
1224 816 1303 882 hanc
1335 833 1407 881 esso

259 924 360 990 cernis
392 929 425 991 et
455 944 569 990 meam.
602 943 660 990 cur
691 943 752 991 non
785 943 860 1009 ergo
892 922 924 989 in
957 924 1080 989 unitate
1112 943 1204 989 areae
1231 923 1407 990 dominicae

114 1114 120 1122 ι
227 1030 356 1096 asimul
385 1031 582 1096 frumentum
610 1049 681 1096 esse
712 1029 906 1109 laboremne,
936 1030 1034 1097 simul
1060 1030 1184 1115 paleam
1211 1030 1407 1096 toleramus?

259 1153 405 1214 curnon,
425 1138 556 1202 obsecro
571 1140 613 1214 te,
631 1155 713 1220 quse
728 1154 835 1214 causa,
855 1136 907 1200 cui
926 1135 1021 1214 bono,
1040 1135 1080 1201 ob
1096 1155 1191 1218 qnam
1210 1135 1407 1212 utilitatem?

260 1241 311 1308 dic
332 1242 422 1308 mini.
449 1243 574 1329 fugitur
600 1243 718 1320 unitus,
744 1246 783 1308 ιιι
805 1241 879 1327 agni
902 1237 989 1308 unici
1012 1242 1167 1329 sanguine
1189 1242 1301 1327 populi
1325 1260 1408 1307 ccm-

258 1349 360 1431 paraii
391 1349 546 1416 aduersus
577 1349 716 1415 inuicem
750 1348 867 1414 studiis
905 1348 1070 1414 contrariis
1105 1347 1342 1416 inflammentur
1377 1349 1410 1413 et

260 1453 443 1521 diuiduntur
466 1474 543 1521 ones
568 1455 660 1539 qnasi
682 1447 808 1520 nostrae
832 1453 914 1528 inter
936 1474 993 1522 nes
1020 1454 1120 1539 patris
1144 1454 1282 1520 familias
1309 1452 1409 1532 illins,

216 1587 244 1628 ro
261 1561 316 1644 qui
344 1581 437 1627 seruo
461 1561 554 1627 dixit:
577 1562 705 1627 Pasce
729 1580 826 1626 oues
850 1579 968 1638 meas,
996 1580 1073 1628 non:
1097 1561 1198 1627 Pasce
1222 1579 1299 1626 oues
1323 1563 1408 1640 inas,

261 1668 359 1734 etde
387 1669 505 1751 quibus
542 1668 664 1733 dictum
698 1671 761 1734 est:
803 1667 852 1733 Ut
883 1668 941 1732 sit
972 1686 1075 1738 unus
1108 1671 1275 1752 guenet
1305 1688 1410 1734 unus

260 1777 409 1857 pastor,
438 1775 493 1857 qui
518 1775 635 1840 clamat
661 1775 695 1838 in
719 1772 900 1859 euangelio:
929 1773 972 1839 In
1000 1773 1075 1840 hoc
1103 1773 1241 1839 scient
1263 1793 1410 1852 omnes,

261 1880 356 1963 quin
392 1879 594 1963 discipuli
632 1879 709 1945 mei
741 1877 859 1958 estis,
900 1880 935 1944 si
973 1899 1107 1945 ueram
1141 1880 1410 1945 dilectionem

260 1986 493 2051 habueritis
530 1987 570 2052 in
601 1985 734 2063 uobis,
764 1989 810 2051 et:
847 1984 982 2052 Sinite
1015 2002 1201 2052 crescere
1237 1990 1411 2071 utraque

217 2116 242 2156 ra
261 2110 389 2175 usquo
418 2092 464 2158 ad
492 2112 673 2169 messem,
706 2112 751 2157 ne
779 2092 898 2172 forte,
926 2113 1012 2159 cnm
1045 2093 1181 2158 uultis
1209 2093 1411 2178 colligere

262 2199 429 2277 zizania,
453 2199 679 2265 eradicetis
708 2198 833 2265 simul
853 2203 897 2278 et
919 2199 1119 2267 triticum.
1148 2199 1272 2284 fugitur
1294 2201 1411 2277 unitas,

260 2307 299 2368 ut
319 2305 383 2370 huc
405 2305 540 2398 maritus
568 2306 645 2371 illuc
668 2324 747 2370 uror
772 2306 951 2381 conueniat,
976 2306 1061 2370 dicat
1082 2304 1154 2371 ille:
1177 2306 1315 2371 ‘Mecum
1338 2310 1412 2371 tene

261 2412 428 2488 unitatem,
453 2413 528 2494 quia
546 2432 607 2498 ego
631 2432 704 2488 sum
723 2412 773 2477 uir
792 2417 891 2489 tunel,
914 2412 1105 2496 respondeat
1126 2412 1196 2478 illa:
1220 2412 1278 2477 ‘lbi
1297 2433 1412 2491 moror,

261 2513 316 2583 ubi
340 2520 390 2584 est
412 2522 503 2603 pater
524 2519 636 2598 meus’‚
659 2523 698 2583 ut
719 2520 752 2584 in
776 2537 838 2584 uno
861 2518 1114 2588 lectodinidant
1132 2513 1307 2596 Christum,
1331 2539 1411 2602 qnos

215 2647 243 2686 ω
261 2623 508 2704 detestaremur„
531 2625 561 2690 si
583 2624 916 2701 diuiderent-lectum.
941 2624 1066 2709 fugitur
1087 2624 1205 2702 unitas,
1229 2629 1267 2690 ut
1289 2628 1413 2708 propiu-

261 2731 314 2813 qui
338 2734 371 2796 et
393 2732 482 2798 ciues
506 2734 540 2797 et
562 2732 655 2797 amici
679 2734 712 2796 et
738 2730 881 2821 hospites
906 2736 939 2797 et
960 2730 1157 2814 quicumque
1185 2731 1247 2796 sibi
1275 2733 1414 2798 hiumam

259 2837 495 2903 necessitudine
514 2838 667 2923 conligati
684 2837 813 2922 utrique
833 2835 1006 2904 Christiani
1023 2837 1057 2905 in
1077 2837 1235 2904 conuiuiis
1255 2838 1413 2916 ineundis,

259 2941 292 3007 in
315 2944 526 3009 matrimoniis
544 2944 706 3032 tradendis
726 2948 759 3009 et
781 2943 986 3028 accipiendis,
1009 2944 1041 3010 in
1061 2944 1195 3012 emendo
1214 2963 1251 3010 ac
1273 2945 1413 3010 uenden-

152 3049 155 3060 '
259 3049 312 3127 (ιιι,Ι
334 3050 366 3114 in
389 3050 493 3134 pactis
521 3055 556 3117 et
576 3050 714 3135 placitis,
737 3051 769 3116 in
794 3050 1054 3131 salutationibus,
1077 3049 1110 3114 in
1140 3049 1412 3124 consensionibus,

214 3179 242 3221 aa
260 3155 291 3220 in
320 3156 607 3235 conlocutionibus,
638 3156 671 3222 in
705 3157 852 3224 omnibus
886 3157 954 3222 suis
986 3154 1082 3221 rebus
1114 3151 1315 3241 negotiisque
1343 3174 1413 3218 con·

261 3261 370 3328 cordes
403 3264 468 3330 sint
498 3267 532 3332 et
563 3264 603 3329 ad
634 3263 685 3329 dei
717 3264 816 3328 altare
848 3262 1027 3336 discordes:
1057 3261 1112 3345 qui
1145 3261 1228 3327 enim
1262 3264 1413 3345 quantam

259 3367 341 3433 libet
371 3369 498 3436 aliunde
530 3373 717 3456 conceptam
750 3369 817 3444 illic
851 3369 1003 3435 deberent
1033 3367 1123 3433 linire
1156 3365 1347 3432 discordiam
1381 3371 1413 3431 et

260 3476 433 3542 secundnm
461 3479 668 3561 praeceptum
695 3475 816 3542 domiui
838 3475 928 3559 prins
951 3473 1147 3542 reconciliari
1168 3473 1320 3538 iratribus
1345 3474 1412 3537 suis

260 3583 293 3645 et
314 3585 390 3647 tunc
414 3583 525 3649 offerro
548 3601 665 3649 munus
693 3582 813 3660 altaris,
842 3581 918 3648 alibi
946 3579 1117 3647 concordes
1144 3579 1190 3647 ibi
1222 3578 1412 3645 discordant.

351 3824 580 3890 101011.21‚1a
636 3824 862 3889 1110u.10,16
918 3824 1146 3889 ladonlaat
1198 3823 1409 3880 lancicula.

261 3912 308 3978 30;
328 3913 363 3967 29
416 3913 452 3968 28
471 3914 569 3968 usuc.
589 3917 614 3977 5,
633 3915 669 3968 24

296 4037 396 4092 {luera
417 4036 446 4092 U
511 4039 545 4093 14
562 4042 678 4109 utraque
696 4053 816 4093 crescere
839 4037 866 4092 U
933 4039 966 4092 15
985 4053 1070 4106 usque
1088 4053 1140 4091 om.
1165 4035 1255 4090 Vtar
1319 4035 1351 4088 18
1372 4052 1412 4086 re-

261 4123 374 4196 spondit
395 4125 422 4180 U
491 4126 538 4180 ubi
562 4125 618 4182 Vc
630 4128 664 4181 la
734 4126 835 4180 morior
853 4125 932 4183 codd.
953 4126 1010 4180 iar
1058 4125 1094 4180 20
1113 4124 1282 4180 detestamur
1300 4123 1323 4175 ei
1343 4122 1412 4174 ‹liui-

263 4211 358 4267 derent
381 4214 501 4270 Vd'lrr
519 4214 687 4270 detestamur
705 4215 730 4270 ri
748 4212 919 4268 diuiduntur
983 4215 1017 4268 22
1036 4213 1161 4268 conuiuis
1180 4210 1207 4264 P
1269 4211 1304 4266 23
1322 4211 1413 4264 mutri-

263 4304 397 4357 monisP
449 4305 484 4358 24
503 4305 543 4374 et]
564 4320 596 4359 ac
618 4303 646 4359 U
