3309 4867
191 354 196 363 1
275 387 343 451 432
630 383 657 437 S.
683 382 822 437 Aureli
849 380 1071 450 Augustini

276 580 449 665 episcopali
483 583 516 645 et
542 578 622 645 dicis
651 578 785 662 patriam
814 552 902 643 tuabn
931 596 992 641 non
1020 576 1087 642 leui
1114 575 1225 661 populi
1254 573 1304 639 sni
1328 579 1434 639 errato

275 687 468 772 prolapsam.
498 684 594 769 ‘qnod
626 685 754 768 quidem
786 684 814 749 si
846 683 925 748 iuris
958 683 1080 768 publici
1109 683 1214 767 rigore
1251 681 1435 761 metiamur,

277 792 373 859 debet
400 793 498 878 plecti
527 791 686 858 seueriore
715 809 861 866 censorin
896 791 953 856 sed
982 790 1188 875 episcopum',
1225 786 1343 872 inquis,
1371 787 1434 851 ‘tas

276 918 339 966 non
362 902 414 965 ost
434 899 498 964 nisi
520 900 657 964 euntem
681 897 865 963 hominibus
883 897 1047 981 impertire
1065 899 1099 963 et
1116 916 1172 981 pro
1193 898 1281 961 statu
1299 893 1435 959 meliore

275 1005 383 1071 causis
415 1005 526 1070 adesse
560 1008 593 1070 et
624 1002 710 1087 apud
742 1003 992 1087 omnipotentem
1021 1004 1116 1069 doum
1143 1001 1271 1067 neniam
1293 998 1431 1065 aliorum
1467 1021 1485 1059 a

276 1110 390 1177 mereri
422 1110 570 1177 delictis’.
596 1111 663 1176 ‘hoc
696 1110 825 1175 omnino
859 1129 986 1176 seruare
1019 1128 1178 1187 conamur,
1206 1110 1244 1173 ut
1270 1105 1434 1172 seueriore

276 1237 411 1283 censura
447 1234 539 1283 nemo
572 1217 731 1302 plectatur
763 1235 864 1301 neque
893 1216 1030 1282 anobis
1062 1234 1162 1300 neque
1195 1214 1233 1279 ab
1266 1213 1330 1277 alio
1361 1211 1432 1276 ullo

275 1323 544 1389 intercedentibus
559 1325 661 1401 nobis,
681 1314 714 1388 ‘ct
732 1323 868 1389 salutem
881 1280 1072 1388 bominibus
1091 1322 1239 1407 cupimus
1257 1319 1433 1402 impertire,

276 1447 358 1511 quae
395 1429 500 1512 posita
536 1435 587 1495 est
622 1431 653 1494 in
689 1433 776 1495 recto
812 1428 945 1495 uiuendi
981 1429 1147 1507 felicitate,
1183 1446 1246 1493 non
1283 1425 1315 1492 in
1347 1423 1433 1489 male

183 1613 187 1620 ⁹
276 1535 411 1601 faciendi
435 1536 616 1602 securitate.
640 1536 767 1601 ueniam
792 1554 919 1618 qnoque
941 1554 1002 1601 non
1026 1539 1149 1601 tantuin
1175 1534 1294 1600 nostris
1316 1551 1430 1598 uerum
1453 1553 1485 1593 ιο

278 1646 311 1707 ot
338 1642 471 1709 aliorum
499 1643 656 1707 instamus
685 1641 812 1707 delictis
840 1643 964 1720 mereri,
988 1641 1075 1726 quod
1097 1642 1266 1733 impetrare
1289 1639 1351 1704 nisi
1372 1658 1438 1721 pro

278 1747 427 1814 correctis
466 1749 593 1815 omnino
631 1769 691 1816 non
728 1768 914 1833 possumus.
953 1749 1101 1835 adiungis
1138 1749 1235 1815 otiam
1269 1751 1302 1813 et
1333 1747 1432 1812 dicisz

278 1853 414 1934 ‘Quanta
434 1874 568 1938 possum
591 1857 824 1940 supplicatione
848 1857 997 1941 deposco,
1025 1861 1073 1935 ut,
1102 1856 1129 1921 si
1157 1852 1353 1920 defendenda
1377 1871 1432 1918 res

215 1959 217 1962 ’
279 1966 339 2037 est,
380 1961 524 2026 innoxius
567 1962 763 2040 defendatur,
806 1963 845 2027 ab
887 1961 1109 2028 innocentibus
1151 1960 1300 2026 molestia
1341 1945 1433 2043 sepa·
1494 2026 1497 2031 ,

278 2069 384 2134 retur‘.
928 2132 930 2137 ,
1454 2087 1483 2125 rs

233 2174 254 2236 8
323 2174 439 2257 Accipe
462 2175 610 2252 breuiter,
635 2195 716 2258 quae
739 2176 911 2242 commissa
934 2177 1010 2253 sint,
1034 2180 1067 2241 et
1089 2176 1197 2241 noxios
1222 2174 1261 2238 ab
1280 2174 1432 2239 innocen·

277 2278 366 2344 tibus
388 2280 458 2363 ipse
481 2281 632 2347 discerne.
655 2284 765 2346 contra
786 2282 1023 2347 recentissimas
1041 2282 1129 2366 leges
1148 2280 1304 2346 Kalendis
1328 2279 1433 2345 Iuniis

277 2385 360 2450 festo
397 2405 592 2471 paganorum
629 2387 785 2472 sacrilega
824 2389 1023 2454 sollemnitas
1060 2389 1182 2471 agitata
1218 2391 1268 2452 ost
1307 2386 1433 2451 nemine

278 2492 464 2574 prohibente
496 2498 563 2558 tam
597 2494 745 2559 insolenti
780 2513 870 2572 ausu,
899 2500 945 2571 ut,
975 2494 1061 2578 quod
1087 2513 1145 2559 nec
1168 2494 1284 2565 Iuliani
1308 2499 1432 2576 tempo·

278 2597 367 2663 ribus
399 2597 518 2663 facturn
552 2603 612 2677 est,
640 2598 901 2683 petulantissima
927 2601 1022 2667 turba
1049 2603 1236 2666 saltantium
1262 2601 1294 2664 in
1318 2599 1433 2664 eodem
1452 2622 1483 2662 ao

278 2724 408 2788 prorsus
440 2708 512 2771 uico
541 2708 614 2771 anm
641 2707 724 2772 foros
752 2708 902 2773 transiret
930 2708 1092 2773 ecclesiae.
1120 2726 1217 2790 quam
1239 2727 1305 2772 rom
1328 2706 1432 2772 inlici-

277 2811 436 2877 tissimum
460 2816 556 2895 atque
578 2812 833 2898 indignissimam
857 2815 983 2879 clericis
987 2878 995 2917 Ι
1006 2814 1173 2898 prohibere
1196 2814 1432 2896 temptantibus

278 2917 415 2982 ecclesio
436 2916 579 2999 lapidata
600 2925 661 2985 est.
685 2919 796 2984 deinde
819 2927 895 3004 post
917 2921 985 2985 dies
1008 2922 1106 2987 ferme
1130 2924 1213 2999 octo,
1239 2939 1312 2985 cum
1339 2919 1431 3011 leges

276 3022 461 3088 notissimas
485 3025 653 3107 episcopus
670 3025 781 3092 ordini
804 3028 991 3108 replicasset
1014 3031 1047 3092 et
1070 3028 1145 3092 dnm
1170 3047 1216 3103 ea,
1241 3042 1322 3109 quae
1340 3026 1432 3090 iussa

278 3132 363 3208 sont,
395 3131 487 3195 uelut
518 3131 649 3213 implere
683 3132 865 3215 disponunt,
884 3135 1011 3206 iterum
1039 3134 1176 3200 ecclesia
1201 3133 1342 3216 lapidata
1368 3138 1429 3196 est.
1450 3156 1481 3195 aa

277 3236 431 3318 postridie
459 3239 577 3303 orostris
606 3239 645 3304 ad
672 3239 886 3319 inponendum
910 3241 1043 3322 perditis
1066 3246 1200 3318 metum,
1230 3240 1314 3323 qriod
1342 3239 1430 3303 uide

369 3483 437 3534 r-o
457 3505 490 3526 =
509 3499 535 3550 1».
555 3482 616 3544 rao.
639 3485 769 3546 ra-oan
793 3486 805 3539 r
843 3450 969 3539 'rs-15
989 3510 1022 3531 =
1042 3503 1068 3555 p.
1087 3487 1149 3547 aar,
1169 3487 1240 3539 a-s

317 3655 464 3711 ldiccaA
515 3659 573 3711 ‘lsi
594 3660 769 3729 iurislsinris
788 3659 824 3713 Μ
840 3663 862 3714 si
882 3662 950 3716 uiris
969 3663 996 3715 P
1044 3662 1262 3732 dinrpertiriR
1316 3663 1429 3718 ido-niu

278 3745 495 3814 omnipotentem
514 3744 542 3801 R
615 3748 772 3805 bdelictis·
787 3748 824 3801 M
876 3744 1048 3805 'saeueriora
1067 3750 1101 3804 M
1173 3753 1296 3821 'lneque
1315 3753 1430 3806 anobis

277 3848 330 3885 om.
350 3834 377 3886 A
450 3836 548 3909 ⁴ullo]
569 3836 660 3905 aliquo
680 3838 708 3892 R
797 3837 967 3907 dimpertiri
985 3839 1013 3893 It
1106 3841 1135 3894 ll
1158 3841 1254 3893 mereri
1274 3839 1382 3895 delictis
1402 3840 1431 3895 R

279 3922 312 3991 12
332 3921 459 3991 adiungis
478 3924 513 3987 (in
533 3941 566 3977 cc
585 3941 653 3979 corr.
672 3942 706 3978 oo.
719 3932 745 3988 1)
765 3926 804 3978 M
888 3927 920 3981 13
940 3927 1032 3993 delen⁴
1045 3927 1088 3995 iia,
1109 3947 1142 3983 m.
1155 3934 1174 3982 :2
1193 3929 1384 3991 defenldcnda
1406 3930 1433 3985 P

280 4011 454 4064 ltinnorios
474 4012 506 4064 K
561 4015 594 4067 16
613 4014 722 4067 suntR
785 4017 814 4067 li
835 4018 893 4085 ipse
912 4018 1017 4083 injice
1036 4035 1063 4071 u.
1082 4034 1133 4071 om.
1154 4020 1181 4070 Α
1299 4018 1429 4073 kalendas

277 4098 413 4154 iuninsP
484 4104 517 4155 18
536 4102 663 4157 festaM
735 4105 766 4157 19
788 4106 1075 4175 insolentitlacroso
1095 4126 1143 4160 usn
1166 4108 1192 4161 P
1262 4108 1296 4161 ‘23
1316 4107 1428 4177 deinde]

279 4186 395 4258 deniqne
413 4190 441 4242 1?
495 4192 737 4246 nenotenarsis
809 4194 905 4247 ordini.
926 4212 995 4247 corr.
1016 4202 1080 4251 πη
1101 4197 1246 4251 ordineM
1291 4200 1326 4250 ‘25
1341 4198 1441 4252 incluti

280 4276 374 4331 Mon
426 4281 460 4332 26
479 4284 541 4347 post
561 4280 642 4333 tridie
661 4281 781 4338 MFI’K
799 4289 906 4352 [nistera
927 4284 971 4337 dic
991 4284 1046 4340 An
1117 4286 1233 4357 proditis
1254 4285 1280 4339 il
