3309 4867
552 374 819 446 epistularum
847 370 915 431 CIV.
1243 379 1306 445 587

159 569 296 636 molesta
322 559 452 635 dilectio
481 571 540 643 est,
569 567 695 633 nullum
723 566 902 632 membrum
924 565 1073 647 laeditur,
1096 567 1180 635 unde
1203 572 1309 634 autern

158 674 308 751 deterret,
336 675 425 741 selus
448 677 482 739 et
507 674 579 739 uita
604 672 813 756 periclitatur.
842 690 905 736 non
928 673 1005 737 tnnc
1027 671 1163 739 benefici
1185 689 1308 751 sumus,

160 799 232 845 cnm
256 780 300 859 id,
324 779 408 866 quod
437 799 455 845 u
482 779 574 846 uobis
597 778 728 863 petitur,
755 778 901 855 facimus,
930 778 987 845 sed
1010 797 1083 846 cum
1106 778 1139 844 id
1162 778 1310 858 iacimus,

137 933 139 936 .
161 886 246 970 quod
264 904 326 952 uon
345 885 431 952 obsit
448 885 643 969 petentibus.
667 903 741 950 nam
763 885 915 968 pleraque
933 903 994 951 nou
1013 881 1115 951 dendo
1137 903 1310 970 prosumus

127 996 195 1059 est
226 1011 423 1074 noueremus,
456 992 484 1058 si
512 989 724 1058 dedissemus.
756 990 842 1057 unde
873 990 956 1057 illud
988 991 1211 1075 prouerbiumz
1242 991 1310 1056 Nec

162 1111 260 1181 puoto
288 1098 437 1183 gladium.
470 1097 529 1163 ‘Tu
556 1104 655 1174 uero’,
686 1095 791 1180 inquit
816 1095 954 1174 Tullius,
982 1102 1033 1162 ‘ne
1060 1097 1153 1163 unico
1182 1093 1311 1181 quidem

160 1203 247 1270 nlio’.
279 1223 345 1286 quo
373 1203 458 1269 enim
485 1221 678 1287 quemquam
705 1200 841 1268 marium
870 1199 1045 1286 diligimus,
1078 1219 1116 1269 eo
1144 1201 1253 1269 minus
1281 1200 1310 1266 ei

161 1309 325 1386 debemus,
352 1309 385 1374 in
408 1307 525 1392 quibus
547 1326 663 1393 magno
686 1306 829 1391 periculo
852 1309 1013 1391 peccatur,
1041 1306 1251 1376 committere.
1278 1309 1312 1374 st

93 1425 97 1430 ’
161 1415 201 1481 de
229 1414 364 1494 diuitiis,
396 1415 430 1480 ni
456 1413 559 1493 fallor,
592 1432 666 1480 eum
693 1414 771 1478 haec
799 1415 918 1498 ageret,
948 1412 1148 1496 loquebatur.
1179 1410 1311 1499 proinde

114 1549 142 1590 ro
162 1540 243 1606 quae
265 1521 445 1605 periculose
462 1521 545 1586 male
564 1519 730 1588 utentibus
749 1519 1003 1599 committuntur,
1028 1519 1198 1587 salubriter
1214 1519 1311 1588 etiam

161 1628 350 1711 plerumque
379 1626 598 1708 detrahuntur.
631 1625 749 1693 medici
775 1645 851 1693 cum
881 1625 994 1693 uident
1024 1626 1193 1696 secandam
1220 1643 1312 1693 uren-

162 1732 299 1817 dumque
325 1731 537 1816 putredinem,
564 1750 660 1816 osope
688 1733 843 1798 aduersus
869 1730 988 1798 multas
1015 1730 1163 1798 lacrimas
1190 1730 1312 1798 miseri·

162 1839 298 1905 corditer
316 1837 556 1905 obsurdescunt.
580 1838 619 1917 si,
638 1837 786 1922 quotiens
803 1836 936 1921 paruuli·
953 1837 1008 1903 uel
1030 1836 1127 1904 etiam
1148 1836 1311 1925 grandius·

163 1943 229 2011 culi
250 1945 377 2020 ueniam
404 1946 572 2028 peccantes
599 1937 761 2027 deprecati
788 1956 914 2022 sumus,
941 1942 1059 2008 totiens
1086 1941 1312 2032 aparentibus

115 2083 143 2123 a
164 2051 218 2116 uel
235 2049 399 2135 magistris
418 2049 665 2132 accepissemus,
685 2047 757 2133 quls
775 2049 921 2114 nostrum
940 2047 1123 2114 tolerandus
1138 2047 1312 2115 creuisset?

164 2157 237 2242 quis
264 2155 385 2241 aliquid
411 2155 494 2221 utile
515 2154 704 2221 didicisset?
731 2153 937 2237 prouidenter
958 2153 1030 2234 ista,
1053 2172 1120 2220 non
1143 2151 1314 2220 crudeliter

164 2262 254 2331 dunt
277 2281 328 2338 ne,
351 2280 480 2346 quaeso,
504 2261 537 2326 iu
560 2261 620 2326 bac
643 2278 739 2327 causa
757 2259 837 2325 nibil
856 2257 945 2324 uliud
963 2259 1120 2339 intendes,
1137 2260 1200 2326 nisi
1218 2277 1312 2344 quem

164 2370 206 2441 sd
235 2368 365 2436 medum
398 2368 496 2452 apud·
514 2386 575 2434 nos
605 2366 736 2448 efficias,
769 2365 855 2451 quod
885 2366 1007 2452 rogaris
1039 2384 1058 2432 a
1089 2366 1170 2445 tuis3
1208 2366 1315 2432 omnia

164 2495 241 2543 uero
259 2467 444 2560 'diligenter
474 2464 650 2544 considera
679 2473 712 2538 si
743 2471 915 2557 praeterita
945 2471 1101 2558 neglegis,
1133 2486 1215 2557 quse
1245 2470 1313 2537 fleri

115 2617 146 2659 ,ο
165 2585 229 2648 iam
260 2581 379 2647 infecta
404 2598 468 2646 non
498 2583 644 2665 possunt,
677 2575 876 2671 aliquantum
903 2578 1048 2663 prospice
1075 2578 1108 2645 in
1134 2580 1313 2664 posterum

165 2710 227 2757 non
260 2688 338 2773 quid
370 2688 512 2771 cupiant,
548 2687 603 2771 qui
639 2689 672 2751 te
708 2689 832 2772 regunt,
870 2685 928 2750 sed
963 2683 1041 2769 quid
1076 2682 1124 2753 sis
1159 2683 1314 2771 expediat,

165 2796 335 2881 prudenter
357 2793 502 2861 adtende.
531 2813 591 2885 uon
620 2811 697 2859 sane
720 2791 857 2858 fideliter
879 2811 934 2859 eos
957 2810 1063 2860 amere
1086 2792 1315 2870 conuincimur,

166 2904 195 2970 si
231 2903 292 2970 boc
328 2902 433 2968 solum
470 2900 643 2978 intuemur,
680 2917 719 2965 ne
755 2917 818 2964 nou
854 2898 1011 2977 faciendo,
1051 2883 1136 2983 quod
1167 2899 1315 2984 poscunt,

165 3009 339 3086 minuatur,
368 3005 455 3092 quod
477 3024 621 3071 amamur
642 3004 681 3070 ab
706 3004 766 3082 eis3
795 3008 830 3070 et
855 3003 913 3070 ubi
935 3008 995 3083 est,
1024 3003 1110 3088 quod
1134 3007 1167 3071 et
1188 3006 1315 3071 uertm

118 3145 149 3190 e
165 3117 293 3182 litterae
323 3113 418 3179 illum
448 3111 581 3189 laudaut
611 3110 732 3194 patriae
763 3114 930 3189 rectorem,
963 3110 1016 3192 qm·
1043 3109 1156 3195 populi
1183 3108 1316 3177 utilitati

166 3220 273 3305 magis
295 3218 442 3286 consulat
464 3236 559 3302 quam
581 3215 764 3283 uoluntati?

18 3328 115 3398 1118
212 3325 312 3392 ‘Nihil
333 3325 487 3404 interest',
513 3322 633 3408 inquis,
654 3322 758 3405 ‘quale
781 3319 930 3387 uideatur
947 3337 1018 3398 esse
1039 3323 1219 3404 peccetum,
1242 3321 1316 3387 cnm

166 3430 365 3516 indulgentia
395 3430 601 3515 postulatur)
631 3430 718 3494 recte
751 3428 811 3494 hoc
844 3425 977 3505 diceres,
1009 3426 1038 3492 si
1066 3425 1105 3492 de
1136 3425 1315 3510 puniendis,

167 3535 297 3603 nonde
325 3533 519 3621 corrigendis
552 3532 736 3601 bominibus
768 3534 925 3618 ageretur.
957 3523 1042 3598 absit
1067 3531 1151 3600 enim
1178 3551 1197 3597 a
1224 3530 1324 3598 corde-

122 3662 151 3704 ω
169 3641 360 3720 Christiano,
378 3645 416 3706 ut
433 3639 565 3706 libidine
584 3637 760 3705 ulciscendi
778 3637 818 3705 ed
836 3655 969 3721 poenam
989 3637 1144 3730 cuiusque
1161 3637 1316 3723 rapiatur,
1369 3713 1374 3719 g

170 3747 266 3828 absit,
292 3751 331 3813 nt
356 3747 388 3813 in
416 3745 605 3813 dimittendo
629 3743 745 3828 cuique
771 3747 940 3828 peccatum
963 3745 1020 3809 ant
1045 3760 1107 3808 non
1135 3741 1319 3828 praeuenia't

168 3872 279 3940 preces
297 3854 441 3940 rogantis
459 3856 516 3918 aut
534 3856 621 3919 certe
640 3852 789 3918 contiuuo
808 3852 1034 3933 subsequatur,
1054 3849 1111 3917 sed
1128 3849 1189 3916 hoo
1207 3849 1318 3933 utique

170 3978 209 4026 ne
228 3959 331 4027 oderit
354 3960 526 4038 hominem,
549 3977 588 4025 ne
611 3958 732 4023 malurn
755 3976 812 4040 pro
831 3956 916 4022 malo
931 3955 1099 4030 retribuat,
1124 3974 1162 4021 ne
1185 3953 1319 4023 nocendi

261 4150 296 4206 25
315 4149 350 4205 es.
368 4146 427 4205 cie.
444 4163 494 4220 pro
513 4147 589 4203 Sulla
607 4147 634 4212 8,
652 4147 688 4204 25
742 4145 849 4201 27-28
868 4169 903 4192 ιι
920 4162 948 4218 p.
967 4144 1029 4213 580,
1048 4145 1153 4201 20-21

204 4273 224 4336 8
243 4273 362 4346 periculo
381 4288 432 4328 oss.
457 4271 512 4327 VU
527 4272 570 4344 (is
588 4287 674 4344 marg.
692 4274 758 4326 Μ
776 4269 855 4342 odd.)
869 4270 905 4324 lr
953 4270 987 4324 27
1002 4269 1075 4339 cum]
1091 4286 1122 4340 p.
1139 4272 1207 4338 680,
1222 4272 1257 4325 21
1276 4269 1319 4325 cui
