3309 4867
297 377 365 441 424
666 377 693 430 S.
722 377 860 451 apreli
890 353 1106 447 Augustini

300 572 345 638 sit
376 590 507 637 necesse
540 575 589 636 est
621 570 766 665 molesta,
800 573 877 655 quia
908 572 1028 637 neutris
1062 570 1112 637 'est
1142 572 1282 639 inimica.
1314 591 1387 638 nam
1421 578 1456 640 et

300 677 475 762 phrenetici
512 678 627 743 nolunt
661 678 754 763 ligari
791 682 824 743 et
860 662 1028 765 lethargici
1064 678 1177 746 nolunt
1212 679 1358 755 excitarir
1394 680 1455 747 sed

300 788 486 868 perseuerat
517 785 683 870 diligentia
714 786 858 851 caribtis
890 768 1109 869 phreneticam
1142 786 1311 870 castigare,
1338 787 1455 852 lethar-

301 891 409 975 gicum
438 891 614 968 stimulare,
643 891 752 956 ambos
777 911 893 963 amare.
925 892 1019 958 ambo
1043 891 1256 965 offenduntur,
1281 892 1337 959 sed
1359 892 1454 959 ambo

301 996 491 1081 diliguntun
516 997 609 1064 ambo
631 997 804 1075 molestati,
823 994 920 1080 quam
939 997 994 1063 diu
1014 999 1103 1082 aegri
1125 1002 1210 1073 sunt,
1234 998 1450 1084 indignantur,
1492 1023 1509 1061 s

302 1102 358 1169 aed
382 1104 475 1169 ambo
500 1104 603 1169 sanati
626 1105 838 1188 gratulantur.

259 1206 277 1271 7
347 1209 492 1293 Denique
516 1229 589 1285 nen,
614 1209 698 1275 sient
720 1214 836 1294 putant
859 1216 892 1277 et
915 1212 999 1277 sieut
1023 1198 1152 1289 iactant,
1174 1211 1255 1277 tales
1281 1230 1335 1278 eos
1354 1213 1456 1278 susci-

301 1314 420 1400 pimus,
450 1316 559 1399 quales
585 1316 721 1391 luerunt,
746 1315 802 1379 sed
827 1317 955 1382 omnino
978 1321 1141 1396 mutatos‚'
1155 1316 1230 1399 quia
1253 1335 1326 1383 essa
1349 1317 1458 1384 catha

301 1422 357 1488 li'ci
380 1442 440 1488 nnn
466 1422 632 1505 incipiunt,
656 1422 717 1487 nisi
740 1402 893 1493 baeretici
917 1443 987 1489 esse
1014 1423 1206 1490 destiterint.
1239 1442 1342 1507 neque
1371 1422 1457 1491 anim
1499 1490 1501 1499 ,

303 1517 499 1602 santamente
537 1548 646 1599 eorum
683 1528 775 1593 nobis
813 1510 942 1595 inimica
980 1535 1066 1607 sunt,
1104 1549 1184 1612 quae
1217 1530 1247 1594 in
1280 1529 1347 1595 illis
1380 1544 1457 1597 aunt
1479 1551 1511 1590 ao

303 1636 394 1701 uobis
418 1635 610 1711 communia,
635 1635 792 1719 quianon
816 1635 955 1702 humana
979 1636 1134 1701 suntsed
1159 1635 1277 1703 diuina
1310 1637 1457 1722 proprius

303 1760 412 1808 eorum
436 1761 521 1807 error
544 1740 734 1807 auferendus
758 1746 818 1819 est,
843 1762 935 1826 quem
961 1742 1043 1808 male
1062 1743 1253 1813 iubiberuut.
1274 1761 1335 1808 nou
1355 1726 1466 1810 sacra-⁵

211 1830 219 1854 ⁸
302 1853 419 1927 menta,
456 1849 552 1931 quae‘
575 1848 722 1914 similiter
758 1853 957 1931 acceperunt,
996 1868 1078 1933 quae
1114 1849 1155 1914 ad
1190 1868 1324 1934 poenam
1365 1869 1458 1915 suam

303 1959 431 2041 portant
454 1962 487 2020 at
509 1955 638 2033 habent,
662 1960 779 2038 quanto
799 1955 962 2041 indignius
983 1957 1110 2033 habent,
1130 1954 1311 2022 sed‘tamen
1331 1956 1459 2022 habent.

304 2082 408 2129 errore
444 2062 553 2145 itaque
591 2061 752 2139 derelicto,
791 2063 1002 2147 separationis
1039 2063 1197 2146 prauitate
1235 2066 1386 2127 correcta·
1417 2062 1459 2127 ab
1484 2086 1514 2126 as

303 2169 429 2235 haeresi
460 2168 500 2233 ad
533 2168 688 2233 ecclesiae
720 2187 832 2250 pacem
864 2172 1040 2246 transeunt,
1075 2181 1169 2252 quam
1198 2188 1259 2234 non
1288 2168 1459 2245 habebant,

304 2277 373 2341 siue
397 2294 459 2359 qua
480 2274 546 2340 illis
570 2275 783 2357 perniciosum
807 2276 922 2353 tuerat,
948 2276 1032 2359 quod
1055 2274 1225 2342 habebant.
1250 2275 1308 2340 sed
1326 2274 1365 2351 si,
1384 2293 1460 2339 oum

303 2385 478 2459 transeunt,
506 2381 574 2447 ficti
601 2384 685 2459 aunt,
713 2401 774 2446 uon
804 2385 856 2446 est
884 2382 945 2453 iam
969 2382 1029 2448 hoo
1052 2387 1198 2448 nostrum
1221 2380 1278 2447 sed
1303 2381 1354 2446 dei
1376 2380 1461 2446 iudi-

305 2491 405 2564 cium3
439 2493 472 2553 et
499 2492 604 2553 tamen
630 2487 757 2579 quidum
783 2507 856 2553 cum
880 2488 947 2555 ficti
971 2491 1168 2572 putarentur,
1192 2488 1342 2570 qnoniam
1364 2487 1461 2555 iussi·

305 2597 375 2661 onis
407 2595 447 2659 ad
479 2613 536 2660 nos
565 2599 683 2660 terrore
711 2595 916 2673 transierunt,
944 2597 1025 2660 tales
1053 2595 1213 2678 posterius
1237 2595 1267 2658 in
1292 2593 1458 2659 nonnullis
1480 2623 1513 2662 ao

302 2701 569 2785 temptationibus
592 2701 714 2765 inuenti
737 2708 823 2779 sunt,
844 2705 880 2766 ut
899 2701 1089 2784 quibusdam
1109 2700 1272 2767 ueteribus
1291 2700 1462 2766 catholicis

237 2828 239 2857 1
303 2804 543 2894 praescirentur.
582 2827 642 2873 non
676 2826 749 2892 ergo
782 2808 862 2872 nihil
895 2809 1011 2893 agitur,
1046 2794 1118 2873 cum
1150 2807 1306 2877 instanter
1338 2806 1459 2891 agitur:

302 2934 408 2997 neque
438 2915 523 2980 enim
552 2916 630 3008 selis
658 2915 805 2979 humanis
834 2914 1007 2979 terroribus
1035 2934 1146 2979 murus
1170 2913 1266 2979 durae
1290 2918 1461 2997 consuet-n·

303 3021 386 3087 dinis
410 3026 617 3106 expugnatur,
642 3021 697 3087 sed
722 3022 817 3086 etiam
844 3022 960 3086 diuinis
986 3021 1230 3086 auctoritatibus
1250 3024 1346 3103 atque
1364 3020 1460 3084 ratio-

302 3128 398 3193 nibus
422 3128 501 3195 fides
526 3132 559 3193 et
581 3128 801 3211 intellegentia
824 3130 941 3193 urentis
966 3128 1143 3192 instruitur.
1244 3169 1252 3191 .
1484 3151 1513 3195 a

260 3239 279 3303 8
350 3233 438 3315 Quae
462 3254 536 3300 eum
559 3235 611 3299 ita
629 3235 702 3310 sint,
726 3236 853 3298 nouerit
876 3234 1055 3318 benignitas
1079 3238 1135 3298 tua
1158 3233 1302 3299 homines
1321 3235 1460 3298 uestros.

304 3341 359 3425 qui
394 3342 424 3406 in
457 3342 588 3424 regione
616 3340 825 3424 Hipponiensi
855 3348 941 3415 siunt,
971 3342 1073 3405 adhuc
1098 3360 1167 3405 esse
1190 3340 1377 3406 Donatistae
1400 3358 1460 3404 nec

340 3566 357 3619 2
379 3566 444 3629 nuli,
468 3581 536 3620 cerr.
560 3570 622 3618 ml
643 3565 741 3619 nolunt
759 3565 797 3618 M
904 3565 993 3634 ligeri,
1017 3582 1087 3619 corr.
1109 3582 1143 3621 m,
1168 3571 1200 3619 ut
1221 3564 1279 3619 uid.
1301 3563 1413 3635 lligari
1434 3565 1466 3620 F

304 3655 320 3707 3
340 3658 470 3724 parserat,
490 3671 559 3708 corr.
574 3659 635 3708 m.1
653 3657 811 3723 perseuerat
821 3654 860 3708 M
913 3655 1036 3709 caritatis
1052 3653 1197 3723 diligentia
1210 3656 1326 3723 puertia
1339 3644 1413 3708 corrss
1424 3653 1465 3708 Μ

305 3743 415 3812 haegri
435 3740 486 3797 oin.
505 3745 532 3797 A
587 3743 669 3795 lens
689 3759 739 3796 oni.
760 3742 787 3797 R
862 3744 1030 3811 suscepimus
1048 3741 1157 3797 Falce
1214 3742 1247 3796 10
1265 3743 1305 3812 in]
1324 3743 1460 3797 camedel.

300 3838 442 3900 praetera
496 3832 576 3884 nobis
596 3832 737 3885 sunterld.
796 3834 826 3885 ll
849 3832 936 3895 nobis,
956 3831 1216 3887 m.2etnobisbl
1270 3833 1303 3886 14
1322 3830 1461 3902 indignus.

304 3936 373 3974 cerr.
392 3926 453 3974 m.1
471 3919 611 3989 indignius
630 3919 661 3973 F
709 3923 741 3974 15,
761 3920 794 3973 ab
815 3922 933 3991 haeresi]
954 3921 1054 3976 habere
1073 3922 1096 3974 si
1115 3921 1175 3975 ΜΛ
1229 3924 1260 3974 16
1280 3919 1464 3975 habentaene

304 4009 554 4077 (eorr.m.1sine)
575 4007 606 4062 F
659 4009 691 4061 17
711 4009 734 4061 si
754 4027 804 4063 ntia,
821 4009 910 4063 ΜΗ
968 4014 1000 4065 18
1019 4011 1112 4064 llt'fieti
1132 4012 1159 4064 lii
1179 4008 1340 4075 eras.?)M
1409 4010 1462 4064 hoo

304 4099 358 4151 ianr
378 4098 405 4151 P
422 4097 481 4151 edd.
552 4100 585 4150 19
605 4097 735 4150 iussiones
755 4100 781 4150 A
851 4100 882 4153 21
904 4099 1044 4153 ueteribus
1063 4116 1114 4153 om.
1133 4100 1160 4154 R
1228 4100 1263 4153 22
1281 4099 1464 4168 preferantur,

305 4202 374 4239 cerr.
389 4191 449 4239 nr.1
466 4184 651 4256 proferrentur
663 4185 693 4240 F
710 4186 887 4254 proferentur,
908 4182 1052 4242 corr.'nr.1
1066 4187 1253 4257 praeferentur
1266 4187 1303 4240 Μ
1338 4187 1372 4242 23
1386 4186 1462 4249 dare,

306 4290 373 4327 corr.
394 4279 453 4328 eal
471 4273 537 4328 dure
552 4273 582 4328 F
629 4275 662 4328 27
682 4275 843 4343 hipponensi
860 4278 887 4330 A
906 4277 966 4332 edd.
987 4277 1173 4346 hipponiensis
1192 4277 1292 4345 (postr.
1308 4276 1325 4329 1.
1341 4284 1413 4345 exp.)
1427 4277 1465 4330 M
