3309 4867
641 369 668 424 S.
695 368 837 423 Aureli
862 370 1083 442 Augustini

777 562 953 657 cmm.

342 702 488 761 consuo
507 700 1316 760 nnamssmosavuuuuesmmuecamssmo
1335 702 1384 761 sc
1638 700 1640 779 l

288 790 643 847 nnsmnsanmssmo
669 791 804 847 usnam
831 791 877 849 nr
901 789 1125 850 conciscere
1147 790 1282 848 nermo
1305 790 1353 848 su
1375 791 1444 858 our
1639 782 1641 819 ³

288 878 412 937 recca
434 878 529 935 surr
551 879 754 937 cernemus
776 878 1011 940 Accusamus
1035 879 1081 935 rr
1104 878 1169 947 sm
1189 880 1321 937 uncum
1344 879 1443 937 spur

437 962 440 966 ’
573 969 735 1025 mersas
753 967 794 1023 m
813 967 961 1026 nermo
980 967 1157 1025 saturnu.
1477 1018 1495 1055 ὗ

247 1098 263 1157 l
309 1090 477 1162 ,Tristitia
502 1095 693 1165 Thisuensis
725 1094 881 1163 ecclesiae
909 1114 1097 1163 cormeum
1124 1096 1350 1181 conquiescere
1377 1115 1440 1163 uon

288 1201 458 1287 permittit,
492 1202 593 1268 donec
630 1220 685 1269 eos
720 1204 828 1267 mcum
866 1201 992 1268 audiam
1028 1202 1060 1268 in
1096 1198 1266 1285 pristinum
1298 1203 1440 1268 animum

288 1307 472 1388 restitutos,
490 1307 576 1393 quod
598 1309 663 1375 cito
685 1307 867 1374 laciendum
891 1288 951 1376 est.
983 1308 1011 1375 si
1039 1307 1124 1374 enim
1152 1307 1192 1374 de
1219 1308 1346 1375 bomine
1374 1327 1446 1374 uno

289 1418 414 1481 tantum
451 1415 570 1499 sategit
605 1414 770 1499 apostolus
807 1413 932 1481 dicens:
969 1413 1025 1481 Ne
1061 1416 1214 1482 meiere
1254 1414 1439 1480 tristitia

290 1521 573 1599 absorbeatur,
610 1520 678 1604 qui
715 1520 804 1586 eius
838 1520 943 1588 modi
976 1525 1050 1601 est,
1083 1520 1137 1591 ubi
1169 1520 1266 1588 etiam
1296 1521 1355 1587 alt:
1387 1518 1494 1597 Utro

290 1608 693 1712 non‘possideamur
723 1646 742 1691 a
775 1631 928 1705 satana,
960 1646 1034 1693 non
1067 1626 1170 1694 enim
1201 1628 1439 1713 ignoramus

290 1736 444 1799 menter
467 1733 566 1813 ciue,
590 1737 707 1816 quanto
730 1733 835 1818 magis
858 1753 916 1799 nos
940 1736 1065 1816 oportet
1080 1733 1259 1819 uigilanter
1276 1752 1380 1819 agere,
1399 1752 1439 1798 ne

289 1842 350 1906 hoc
381 1839 414 1904 in
445 1842 514 1906 tote
546 1858 643 1925 grege
673 1839 863 1924 plangemus
895 1843 928 1906 et
959 1839 1094 1909 manime
1126 1839 1439 1924 melequinum

291 1944 466 2012 catholicae
497 1945 570 2031 paci
603 1949 805 2016 secesserunt
836 1950 869 2012 et
900 1965 981 2030 quos
1012 1947 1100 2013 nullo
1131 1946 1226 2015 mede
1262 1930 1439 2031 relinquere

292 2068 434 2138 possum.
458 2053 514 2119 sed
537 2053 613 2136 quia
634 2051 788 2135 temporis
810 2071 877 2119 uon
897 2053 976 2119 uiuit
998 2051 1157 2139 angustia,
1180 2057 1218 2120 ut
1240 2053 1339 2119 simul
1364 2050 1439 2117 iude
1457 2079 1490 2120 rs

291 2158 383 2225 nobis
414 2158 583 2245 diligenter
609 2158 815 2245 deliberatam
842 2160 953 2226 liceret
975 2160 1116 2244 eliquare
1137 2158 1338 2236 sententiam,
1360 2156 1438 2245 quid
1488 2218 1491 2223 .

291 2265 370 2331 mibi
392 2269 467 2349 post
483 2262 668 2350 digressum
691 2269 838 2332 nostrum
860 2265 915 2332 diu
938 2264 1100 2352 cogitanti:
1113 2265 1278 2349 placuerit,
1301 2262 1440 2349 accipiet

293 2372 445 2442 sanctitas
472 2376 528 2439 tua
556 2375 598 2452 et,
626 2372 655 2449 si
680 2371 742 2438 tibi
764 2390 890 2456 quoque
912 2372 1028 2457 placet,
1049 2371 1115 2438 iam
1137 2370 1272 2451 litterae,
1295 2368 1439 2456 qumod

293 2498 348 2544 eoa
373 2479 533 2544 communi
554 2477 681 2544 nominc
704 2478 830 2563 scripsi,
855 2479 922 2545 siue
946 2478 1098 2546 dilabone
1119 2476 1296 2555 mittantur.

250 2584 269 2643 2
339 2582 465 2662 Dixisti,
496 2588 535 2652 ut
566 2584 732 2650 dimidium
765 2584 903 2651 babeant
929 2584 1124 2652 stulterum
1151 2582 1319 2650 dimidium
1347 2580 1394 2649 eis
1420 2600 1490 2655 a„

294 2711 345 2758 me
368 2692 588 2776 undecumque
611 2690 840 2775 prouideretur.
863 2709 923 2777 ego
945 2694 1053 2758 autem
1075 2692 1165 2776 pute,
1184 2691 1269 2774 quia,
1287 2690 1317 2761 ui
1334 2680 1441 2756 tetum

294 2798 341 2863 eis
364 2799 550 2877 auferretur,
574 2801 670 2876 esset,
694 2797 779 2881 quod
802 2796 979 2863 diceremur
999 2816 1062 2864 non
1085 2796 1125 2863 de
1146 2797 1281 2882 pecunie
1302 2815 1360 2863 nes
1383 2795 1442 2862 sed

294 2905 334 2968 de
361 2903 487 2974 iustitia
513 2907 678 2988 tantopere
704 2904 878 2970 laborasse
910 2923 983 2970 cum
1007 2922 1083 2970 uero
1106 2902 1274 2969 dimidium
1298 2902 1346 2972 eis
1368 2920 1442 2968 eon·

295 3011 439 3075 cedimus
463 3013 496 3077 et
518 3029 555 3076 ec
578 3010 673 3077 modo
696 3030 769 3077 cum
793 3011 841 3077 eis
864 3030 975 3094 pacem
998 3009 1188 3096 quandoque
1210 3009 1443 3092 componimus,

296 3115 375 3182 satis
402 3117 567 3202 apparebit
593 3120 733 3184 nostram
760 3137 871 3183 curam
894 3117 975 3182 nibil
998 3115 1085 3190 alind
1108 3132 1204 3201 quem
1227 3113 1442 3200 pecuniariam
1460 3104 1521 3187 ιζ

386 3306 450 3362 911
468 3307 529 3364 Gor.
547 3308 574 3372 2,
593 3308 610 3362 'I
666 3307 745 3364 1011
764 3306 825 3363 Cor,
846 3309 872 3373 2,
892 3308 923 3363 11

514 3431 540 3485 Τ
564 3456 598 3477 =
618 3431 677 3486 ced.
699 3430 844 3485 Trecenee‘s
864 3435 905 3485 40
920 3447 943 3485 s.
962 3428 1055 3485 XIII.

510 3521 543 3575 H
565 3542 601 3565 =
618 3519 677 3576 cod,
695 3519 771 3574 Mus.
791 3520 866 3575 Brit.
884 3517 972 3575 Harl.
992 3521 1069 3573 3107
1085 3533 1109 3575 a.
1127 3517 1220 3572 XIII.
1306 3560 1308 3563 .

509 3610 537 3664 R
561 3634 595 3657 =
614 3609 673 3664 cod.
697 3608 854 3663 Vaticanus
874 3610 933 3662 494
951 3624 973 3662 e.
994 3606 1081 3662 XIII
1095 3622 1137 3662 ee.

516 3698 539 3750 V
564 3722 598 3744 =
616 3696 675 3752 ced.
699 3696 857 3751 Vaticanus
876 3699 936 3751 495
952 3713 975 3751 e.
995 3694 1060 3749 XV.
1143 3738 1144 3743 ,

516 3785 543 3841 U
563 3810 596 3831 =
615 3784 674 3840 cod.
698 3785 855 3840 Vaticanus
875 3788 935 3840 199
951 3803 974 3839 s.
992 3783 1060 3838 XV.

334 3907 582 3965 bfratreeom.1t
636 3908 822 3963 dthisuensis
846 3907 900 3963 VII
916 3908 976 3964 edd.
991 3912 1140 3978 practerea
1203 3907 1236 3961 11
1253 3905 1451 3977 possideantur

300 3999 358 4054 HR
378 4004 458 4067 (corr.
478 4003 537 4053 nel
554 3996 751 4068 possideamur)
822 3997 856 4051 12
874 4013 923 4051 uos
941 4014 975 4052 ec
993 4013 1042 4052 uos
1065 3995 1092 4050 V
1157 3996 1190 4064 13
1208 3997 1292 4066 nune]
1311 3994 1369 4049 iam
1383 3993 1446 4049 cdd.

294 4080 443 4158 praeterere
485 4089 518 4142 15
537 4087 604 4140 sinit
627 4085 680 4140 VII
731 4086 811 4140 nobis
829 4085 894 4140 inde
912 4085 973 4140 edd.
1014 4085 1156 4154 Idume]
1176 4083 1287 4139 auteI'
1325 4082 1357 4138 21
1377 4087 1449 4153 pute

300 4196 327 4235 ru
345 4179 377 4232 in
394 4193 451 4232 rus.
471 4194 503 4232 er.
514 4182 539 4245 1)
561 4175 588 4230 I’
643 4177 677 4230 22
696 4176 836 4230 auferetur
852 4158 935 4243 petel>
954 4193 988 4232 ex
1005 4173 1194 4245 prouideretus
1215 4173 1242 4229 U
1297 4175 1333 4228 24
1349 4186 1448 4246 pacem

298 4284 389 4321 cmm
