3309 4867
495 255 624 318 114
1194 251 1250 305 S.
1306 250 1583 304 Aureli
1640 251 2083 321 Augustini

493 445 867 529 episcopum
904 442 1158 509 nomine
1194 444 1312 512 illo
1349 444 1789 528 accipiendum
1829 464 1991 521 esse,
2034 446 2284 529 quando
2323 466 2402 512 ne
2439 447 2506 512 id
2545 448 2809 531 quidem

491 551 758 636 probare
803 553 1048 634 posset,
1094 552 1311 615 utrum
1362 549 1442 615 ad
1487 550 1929 616 Africanarum
1978 551 2343 634 specialiter
2388 554 2810 620 ecclesiarum

496 658 832 742 episcopos
887 657 1038 722 illae
1092 655 1346 724 litterae
1401 656 1637 723 missae
1692 656 1950 722 fuerint.
2012 677 2397 741 quamquam
2453 660 2621 725 enim
2663 663 2821 732 -Do-.

494 766 628 831 nati
672 783 902 830 nomen
947 762 1175 829 Afrum
1224 781 1367 828 esse
1393 763 1638 841 soleat,
1687 782 1810 829 non
1856 767 2072 828 tamen
2117 770 2503 849 repugnaret
2546 786 2585 831 a
2628 787 2808 847 uero,

494 874 571 936 ut
630 870 739 935 uel
800 869 1079 953 partium
1143 868 1401 935 illarum
1466 869 1701 953 aliquis
1731 874 2105 935 -uocaretur
2164 870 2317 937 Afro
2383 873 2635 941 nomino
2700 874 2810 941 uel
2873 904 2911 944 s

495 976 730 1060 aliquis
775 976 931 1042 Afer
973 976 1039 1041 in
1087 974 1217 1065 illis
1274 975 1567 1060 pai-tibus
1626 975 2127 1052 constitueretur
2177 978 2539 1062 episcopus.
2604 1000 2809 1064 neque

496 1082 666 1148 enim
739 1077 804 1147 in
878 1082 971 1148 eis
1045 1083 1154 1148 uel
1211 1082 1380 1147 diem
1436 1082 1544 1147 uel
1600 1084 1926 1149 consulem
1985 1082 2374 1163 inuenimus,
2439 1087 2516 1150 ut
2579 1087 2811 1152 saltem

497 1187 916 1255 consideratis
970 1188 1369 1273 temporibus
1426 1188 1580 1254 certi
1637 1188 1882 1272 aliquid
1938 1187 2238 1255 eluceret.
2295 1210 2447 1256 sane
2510 1191 2810 1276 quoniam

495 1295 714 1363 nescio
797 1295 1047 1379 quando
1132 1295 1537 1361 audieramus
1619 1294 1957 1373 Attianos,
2043 1314 2190 1361 cum
2263 1315 2300 1362 a
2365 1300 2812 1365 communione

497 1401 816 1470 catholica
897 1402 1388 1486 discrepassent,
1471 1401 1845 1467 Donatistas
1927 1401 1991 1466 in
2073 1402 2287 1468 Africa
2369 1404 2494 1469 sibi
2568 1406 2811 1471 sociare
2853 1437 2916 1478 ιο

497 1511 871 1593 temptasse,
938 1508 1018 1574 ad
1082 1527 1300 1575 aurem
1366 1507 1526 1573 mihi
1592 1508 1714 1580 hoc
1779 1508 1993 1591 ipsum
2059 1508 2252 1574 frater
2333 1510 2607 1594 Alypius
2663 1532 2811 1598 sug-

504 1615 727 1701 gessit.
792 1617 947 1681 tunc
1003 1619 1265 1699 accepto
1322 1614 1463 1698 ipso
1522 1615 1852 1680 uolumine
1911 1614 2198 1680 eiusdem
2257 1616 2514 1683 concilii
2568 1621 2813 1686 statuta

503 1722 908 1788 considerans
966 1720 1097 1806 legi
1152 1721 1576 1786 Athanasium
1635 1722 2009 1805 episcopum
2056 1720 2553 1789 Alexandrinum
2597 1726 2814 1791 catho-

499 1813 721 1907 lic'u‘m,
772 1828 957 1894 cuius
1004 1828 1277 1893 maxime
1324 1826 1635 1893 aduersus
1682 1827 1983 1893 Arrianos
2032 1830 2482 1895 acerrimarum
2529 1830 2815 1917 disputa·

499 1935 748 2002 tionum
832 1934 1166 1999 conflictus
1250 1933 1539 2013 eminuit,
1624 1938 1691 1999 et
1768 1933 2007 2006 Iulium
2092 1935 2400 2007 ecclesiae
2488 1937 2812 2004 Romanae
2854 1969 2915 2010 ω

502 2040 878 2125 episcopum
941 2038 1143 2104 nihilo
1208 2039 1422 2104 minus
1488 2039 1880 2105 catholicum
1944 2039 2059 2106 illo
2125 2041 2393 2107 concilio
2456 2040 2815 2130 Serdicensi

503 2147 707 2213 fuisse
754 2146 1145 2229 inprobatos.
1212 2145 1381 2210 unde
1430 2145 1600 2230 apud
1647 2165 1765 2212 nos
1814 2146 2107 2212 constitit
2149 2148 2563 2214 Atrianorum
2610 2148 2814 2215 fuisse

501 2252 869 2330 concilium,
965 2252 1199 2335 quibus
1291 2251 1404 2316 isti
1497 2251 1783 2337 episcopi
1867 2252 2169 2318 catholici
2250 2254 2816 2322 uehementissime

501 2357 907 2425 resistebant.
972 2358 1189 2442 itaque
1250 2357 1327 2422 ad
1384 2356 1856 2443 diligentiorem
1913 2358 2107 2424 etiam
2161 2360 2523 2446 temporum
2572 2360 2817 2427 discus-

505 2467 749 2532 sionem
803 2467 1134 2532 uoluimus
1188 2465 1403 2548 ipsum
1460 2465 1766 2531 uolumen
1824 2465 2109 2549 accipere
2166 2469 2360 2551 atque
2416 2468 2663 2533 auferre
2708 2487 2817 2534 no·
2854 2501 2914 2545 ,ο

504 2573 777 2642 hiscum.
836 2572 946 2656 qui
999 2571 1209 2638 noluit
1262 2570 1409 2636 dare
1465 2571 1682 2637 dicens
1737 2572 1828 2637 ibi
1883 2591 1999 2637 nos
2060 2572 2290 2638 habere
2333 2573 2519 2653 illud,
2568 2576 2817 2658 quando

507 2677 751 2761 aliquid
817 2678 880 2741 in
949 2696 1023 2743 eo
1092 2676 1490 2743 considerare
1549 2679 1887 2744 uellemus.
1943 2679 2168 2764 rogaui
2223 2679 2439 2758 etiam,
2497 2684 2573 2746 ut
2624 2697 2816 2748 manu

506 2804 650 2850 mea
701 2782 908 2849 notari
963 2783 1380 2868 permitteret,
1435 2782 1661 2862 fateor,
1719 2784 1977 2861 timens,
2035 2804 2113 2850 ne
2168 2784 2328 2851 mihi
2382 2787 2567 2867 forte,
2625 2806 2819 2854 causa

508 2891 799 2976 exigente
874 2909 1020 2955 cum
1095 2890 1440 2973 petendum
1516 2896 1709 2969 esset,
1787 2909 1898 2976 pro
1973 2891 2086 2956 illo
2162 2892 2337 2957 aliud
2410 2895 2817 2976 proferretur.

509 3016 715 3079 neque
762 2996 885 3062 hoc
933 2996 1165 3063 uoluit.
1499 3036 1503 3042 ·
2853 3025 2942 3065 25-

331 3110 419 3176 IV
453 3112 487 3173 7
601 3103 846 3169 Deinde
906 3101 1068 3168 mihi
1135 3103 1346 3187 coepit
1407 3104 1667 3182 instare,
1733 3109 1809 3168 ut
1874 3102 1953 3167 ad
2015 3104 2574 3189 interrogationem
2636 3125 2817 3172 suam

509 3210 793 3276 breuiter
845 3209 1314 3293 responderem,
1366 3228 1674 3292 quaerens
1723 3230 1760 3275 a
1805 3229 1929 3289 me,
1979 3230 2168 3293 quem
2213 3210 2461 3276 iustum
2506 3216 2818 3295 putarem,

590 3453 614 3505 1
658 3452 1031 3521 episcoporum
1068 3452 1122 3505 A
1231 3452 1266 3505 4
1305 3467 1338 3504 a
1373 3450 1490 3504 uiro
1529 3450 1591 3504 F
1704 3452 1737 3506 5
1776 3451 1976 3521 aliquis
2015 3451 2130 3505 afer
2165 3452 2220 3506 in
2260 3452 2370 3506 illis
2408 3454 2657 3522 partibus
2695 3471 2820 3509 con·

514 3539 836 3593 stitueretur
880 3540 1166 3610 episcopus
1214 3539 1302 3593 uel
1352 3539 1550 3608 aliquis
1599 3544 1888 3594 uocaretur
1935 3540 2051 3593 afro
2100 3541 2317 3595 nomine
2362 3556 2538 3610 neque
2584 3543 2725 3597 enini
2767 3543 2829 3597 F

585 3628 802 3679 nomine
840 3628 972 3681 Afro
1013 3627 1132 3682 edd.
1207 3629 1242 3682 6
1281 3630 1479 3697 neque}
1519 3646 1586 3682 ne
1623 3628 1701 3682 M
1767 3629 1800 3682 8
1839 3628 2048 3697 aliquid
2090 3628 2144 3693 (d
2181 3630 2245 3683 in
2281 3645 2394 3683 ras.
2434 3635 2575 3696 m.1)
2614 3631 2822 3685 luceret

522 3719 586 3767 Af
630 3714 831 3783 :rii-»mid
869 3715 1144 3770 deluceret
1180 3715 1292 3770 ΡΑ.
1440 3716 1508 3770 10
1544 3716 1743 3772 africus
1779 3717 1841 3771 F
1980 3716 2087 3770 sibi
2124 3734 2232 3771 om.
2265 3718 2338 3770 M
2484 3719 2548 3772 12
2588 3720 2822 3784 consilii,

522 3827 582 3859 m.
626 3819 646 3855 J
686 3804 897 3858 ·==-unilii
935 3803 1010 3856 M
1099 3804 1162 3858 13
1201 3803 1340 3873 legit
1376 3804 1450 3857 M
1486 3808 1535 3869 (t
1571 3820 1693 3873 exp.
1730 3821 1799 3859 m.
1823 3808 1882 3861 2)
1920 3803 2245 3858 FAPRae
2341 3807 2405 3858 14
2445 3807 2736 3860 acerrimus
2764 3807 2821 3860 R

530 3899 586 3943 15-
646 3893 848 3945 unm-nit
883 3890 1014 3945 ΜΡ
1149 3908 1332 3945 romae
1369 3891 1430 3945 F
1563 3894 1629 3947 16
1667 3891 1806 3946 nihil
1841 3892 2094 3946 hominus
2132 3892 2263 3946 ‚MF
2297 3898 2466 3961 (poet.
2505 3894 2544 3954 h
2583 3900 2728 3964 exp.)
2766 3899 2821 3949 A

526 3983 654 4031 [nhil
714 3978 962 4041 hominis,
1010 3982 1142 4033 m.2
1190 3976 1548 4034 nihilominus
1597 3980 1651 4034 P
1876 3979 2183 4035 serdicense
2232 3983 2293 4036 F
2339 3983 2649 4037 Sardicensi
2699 3984 2820 4038 edd.

533 4075 590 4119 ΙΤ
630 4068 916 4121 «κικιπίιιιίὺ
951 4066 1013 4120 F
1135 4068 1201 4121 19
1240 4066 1310 4121 ad
1348 4068 1779 4138 diligentiorem]
1821 4068 2205 4139 adiligentiore
2243 4071 2316 4125 M
2433 4073 2502 4125 20
2539 4072 2729 4126 afferre
2765 4072 2824 4126 R

530 4163 582 4207 Αἱ
634 4159 930 4211 hrt-[eretur
965 4156 1088 4210 MA
1571 4187 1579 4197 ·
