3309 4867
379 351 443 415 588
734 351 762 405 S.
789 350 928 405 Aureli
956 351 1176 422 Augustini

378 542 592 609 inflammetur
600 542 721 620 ardore,
731 565 769 610 ns
784 545 924 611 uindicta
940 547 1038 612 etiam
1049 547 1122 631 lege
1136 546 1243 612 debita
1256 544 1528 630 pascidesiderct,
1607 567 1608 600 ι

378 668 439 715 non
463 652 571 714 autem
594 669 633 715 ne
656 652 813 728 consulat,
841 670 880 717 ne
906 653 1091 737 prospiciat,
1114 672 1154 717 ne
1176 657 1361 737 compescat
1382 671 1403 717 a
1424 651 1528 717 malis.

378 756 446 821 beri
472 755 557 821 enim
587 761 766 841 potestat
797 758 1020 825 uehementius
1052 758 1248 825 aduersando
1276 758 1528 825 emendationem
1607 783 1608 830 ι

378 863 513 947 quisque
546 863 695 948 neglegat
726 864 878 940 bominis,
910 884 1004 949 quem
1038 866 1170 950 granius
1202 865 1280 944 edit,
1313 869 1347 931 et
1378 863 1530 930 nonnulla
1607 891 1608 906 ι

378 968 526 1034 molestia
551 967 663 1035 reddat
689 970 885 1038 cohercendo
917 972 1093 1050 meliorem,
1125 990 1221 1055 quem
1248 971 1385 1036 maxime
1412 970 1528 1054 diligit
1551 993 1561 1031 ι

335 1073 354 1137 9
422 1075 504 1143 Nam
528 1079 562 1144 et
584 1078 787 1161 paenitentia,
817 1079 904 1145 sicut
926 1078 1053 1160 scribis,
1079 1079 1229 1162 impetrat
1251 1079 1379 1143 neniam
1402 1079 1436 1142 et
1457 1096 1528 1161 pur-

379 1191 434 1269 get
479 1181 657 1250 admissum
699 1184 756 1249 sed
796 1185 865 1260 illa,
907 1204 987 1268 quae
1027 1185 1061 1251 in
1101 1203 1179 1251 uera
1217 1184 1372 1270 religione
1413 1183 1528 1274 agitur,

378 1308 460 1375 quae
491 1291 636 1355 futurum
663 1290 818 1357 indicium
853 1291 904 1386 dei
935 1290 1068 1377 cogitat,
1101 1310 1164 1356 non
1194 1290 1262 1369 illa,
1286 1310 1367 1375 quae
1402 1289 1443 1355 ad
1474 1288 1528 1354 bo

379 1416 445 1463 ram
478 1396 661 1463 bominibus
689 1400 746 1463 aut
772 1399 940 1464 exhibetur
970 1402 1027 1464 aut
1053 1397 1340 1484 septuennem
1372 1394 1526 1461 adelicte

379 1503 484 1569 enims
519 1506 674 1588 purgetur
709 1503 742 1569 in
777 1511 952 1580 aeternum,
989 1502 1047 1570 sed
1081 1507 1121 1569 ut
1155 1503 1282 1569 interim
1313 1522 1332 1569 a
1370 1501 1526 1587 praesenti
1541 1527 1561 1565 s

379 1613 468 1676 metu
499 1608 665 1676 molestiae
693 1610 762 1675 uita
794 1611 858 1678 cito
885 1612 1027 1694 periture
1052 1610 1215 1677 liberetur.
1244 1610 1319 1676 bine
1351 1613 1413 1686 est,
1443 1607 1525 1692 quod
1608 1641 1609 1690 ι

380 1715 567 1783 Christianis
609 1715 833 1783 confitentibus
875 1723 971 1802 atque
1017 1717 1273 1802 deprecantibus,
1314 1716 1370 1799 qui
1413 1714 1524 1780 delicto
1608 1741 1609 1746 ¹

379 1823 435 1889 illo
471 1822 598 1887 fuerant
632 1822 787 1906 implicati
823 1822 878 1888 uel
914 1842 976 1889 nen
1014 1822 1226 1889 succurrendo
1262 1841 1390 1888 ιιιιτιιι
1431 1819 1525 1885 eccle

379 1930 444 1995 sine
498 1927 552 1994 uel
602 1927 641 1992 de
692 1929 950 1996 sceleratissimis
1005 1928 1124 2014 rapinis
1171 1928 1293 2012 aliquid
1348 1926 1523 2004 sistemate,

378 2034 591 2119 paenitentiae
614 2034 754 2101 dolorem
785 2036 987 2103 fructuosum
1020 2054 1092 2102 esse
1124 2035 1318 2102 credidimus
1345 2035 1455 2118 eisquc
1486 2031 1522 2096 cd
1536 2055 1557 2096 n

379 2141 604 2208 correctionem
646 2142 793 2208 sulficere
829 2142 1094 2220 existimabimus,
1137 2142 1222 2226 quod
1257 2142 1344 2208 inest
1379 2139 1520 2207 corffibus

379 2267 488 2313 eorum
515 2246 605 2321 fides,
634 2266 697 2333 qua
719 2248 919 2316 considerare
942 2251 1085 2334 possent,
1113 2248 1191 2331 quid
1214 2247 1252 2313 de
1275 2247 1386 2313 diuino
1408 2244 1519 2311 indicio

379 2353 549 2420 formidare
569 2354 728 2422 deberent.
752 2374 833 2439 quae
856 2357 964 2421 autem
987 2354 1181 2439 paenitentia
1203 2373 1312 2421 sanare
1334 2355 1444 2437 potest
1460 2368 1519 2426 eoa,

380 2461 435 2546 qui
452 2462 573 2528 fontem
592 2461 698 2546 ipsum
715 2461 935 2547 indulgentiae
952 2481 1014 2528 non
1033 2462 1140 2527 solum
1154 2479 1324 2546 agnoscere
1342 2459 1519 2545 neglegunt

380 2585 491 2632 uerum
514 2566 610 2631 etiem
633 2566 768 2634 inridere
792 2587 828 2634 ac
851 2569 1071 2651 blnspbemare
1093 2587 1154 2634 non
1175 2567 1345 2633 desinunt?
1369 2571 1403 2632 et
1420 2569 1557 2632 contras

380 2674 438 2739 bos
461 2678 566 2737 temen
591 2672 774 2740 iuimicitias
797 2676 829 2740 in
849 2674 942 2741 corde
965 2694 1027 2741 nen
1050 2674 1234 2752 retinemus,
1259 2674 1346 2759 qnod
1367 2674 1417 2740 illi
1440 2673 1522 2757 patet

381 2799 417 2847 ac
448 2777 567 2845 nudum
602 2783 661 2856 est,
694 2781 786 2847 cuius
815 2785 848 2848 et
879 2783 911 2849 in
944 2781 1104 2866 praesenti
1130 2785 1164 2846 et
1194 2781 1226 2847 in
1258 2780 1369 2846 lutura
1400 2779 1468 2845 uita
1492 2781 1522 2842 ct

381 2886 532 2951 timemus
560 2884 714 2951 iudicium
739 2892 771 2952 et
799 2907 964 2972 speramus
988 2887 1151 2953 auxilium.
1180 2888 1236 2952 sed
1260 2887 1452 2953 arbitramur
1471 2902 1521 2949 noe
1609 2889 1610 2892 ’

381 2991 476 3058 etiem
499 3010 555 3075 pro
578 2991 658 3075 ipsis
681 2992 803 3076 aliquid
827 2995 1005 3079 prouidere,
1036 2994 1062 3060 si
1087 2994 1242 3068 homines,
1272 2992 1329 3077 qui
1352 2991 1446 3057 deum
1468 3008 1522 3055 non

380 3097 504 3176 timent,
527 3097 648 3180 aliquid
671 3103 814 3176 timeant,
840 3119 902 3184 qno
926 3120 987 3166 non
1012 3118 1121 3165 eorum
1144 3098 1290 3164 laedatur
1312 3098 1450 3173 utilitas,
1471 3093 1521 3161 sed
1535 3115 1557 3156 a

381 3203 505 3268 uanitas
524 3204 710 3288 castigetur,
735 3225 772 3271 ne
796 3206 835 3271 eb
860 3206 907 3270 eis
931 3206 1009 3271 deus
1032 3208 1112 3289 ipse,
1133 3224 1228 3299 quem
1251 3208 1415 3287 spernunt,
1439 3202 1522 3269 nona

382 3310 551 3376 securitate
571 3311 792 3378 audacioribus
810 3312 905 3377 fectis
925 3313 1055 3397 grauius
1075 3311 1253 3377 offendatur
1275 3314 1309 3376 et
1330 3329 1370 3376 ne
1393 3309 1465 3374 aliis
1487 3306 1521 3372 sd

382 3414 569 3480 imitandum
584 3416 693 3481 eadem
711 3417 783 3499 ipsa
801 3418 956 3483 securitas
974 3419 1077 3483 multo
1096 3416 1306 3499 perniciosius
1324 3418 1520 3499 proponetur.

383 3521 516 3604 denique
530 3541 586 3604 pro
601 3522 717 3605 quibus
732 3524 788 3589 aba
803 3527 1008 3609 temptum,
1027 3541 1086 3590 nos
1104 3541 1160 3606 pro
1179 3521 1244 3587 illie
1259 3521 1354 3587 deum
1368 3537 1519 3605 rogamus,

383 3627 430 3692 uti
455 3645 512 3703 eos
532 3627 572 3692 ad
600 3646 634 3693 se
658 3633 834 3708 counertet,
862 3634 900 3695 ut
926 3630 987 3696 dds
1010 3628 1167 3695 mandens
1190 3627 1285 3693 cerda
1307 3647 1417 3704 eorum
1439 3642 1553 3728 uara-a

383 3751 451 3798 cem
476 3751 512 3798 ec
535 3734 695 3801 salubrem
719 3756 811 3821 egere
835 3736 1061 3822 paenitentiam
1085 3734 1207 3800 docent.

471 3873 541 3927 6-7
561 3872 594 3927 ol.
633 3875 720 3938 teo.
739 3877 774 3931 22
1087 3913 1091 3918 v

421 3979 433 4032 l
454 3978 590 4034 uindicta·
608 3890 690 4035 stiam
712 3981 774 4051 lege
798 3981 906 4036 debita«
923 3982 997 4052 (suit
1017 3983 1056 4048 m)
1081 3978 1108 4034 U
1128 3980 1278 4035 uindictam
1297 3981 1380 4035 etiarn
1399 3978 1460 4048 legs
1477 3975 1517 4030 dc·

383 4066 469 4121 bitem
497 4065 566 4122 Vlr
680 4071 754 4141 pesci
777 4087 812 4126 cc
833 4088 890 4126 rue.
914 4077 939 4126 ct
961 4087 1031 4128 corr.
1055 4071 1123 4139 (fait
1145 4069 1256 4152 passim)
1284 4068 1313 4124 U
1334 4068 1435 4140 passim
1462 4064 1518 4118 ΠΥ

382 4155 597 4299 :tegragugug
609 4165 673 4300 pest
691 4158 847 4214 bominibus
865 4176 921 4214 roc.
936 4161 1022 4215 ιιιιιιιι
1034 4176 1063 4214 ιι.
1077 4161 1210 4228 (se-40
1223 4157 1291 4224 litt.)
1311 4155 1338 4211 U
1370 4156 1406 4211 30
1419 4152 1517 4212 manda
