3309 4867
274 415 339 479 578
628 420 654 466 ὅ.
683 415 821 468 Aureli
849 415 1067 484 Augustini

275 608 464 675 Christianis
505 609 711 674 sacramentis
752 610 913 686 inbuatur,
956 610 1080 693 quaerit
1116 609 1155 675 de
1191 610 1362 676 resurrecti
1384 629 1424 676 ne

274 719 487 790 mortuorum
522 715 758 781 concedendum
792 717 887 781 etiam
920 715 1079 794 fortassis,
1113 716 1198 799 qnod
1230 716 1269 782 (le
1296 715 1423 783 [limato

274 822 444 905 quaesiuit,
482 840 539 886 cur
575 826 664 888 tanto
701 827 775 906 post
812 824 936 888 uenerit
967 823 1020 889 uel
1057 823 1086 888 si
1118 842 1198 906 quae
1236 826 1312 889 sunt
1343 824 1423 889 aliae

273 946 393 1012 paucae
422 931 455 992 et
486 946 619 1014 magnae
647 911 860 1012 quaestiones,
893 929 1011 1013 quibus
1039 933 1144 996 cetera
1174 930 1362 995 inseruiunt.
1395 930 1423 995 si

274 1040 381 1100 autem
406 1035 509 1118 qualis
534 1041 583 1100 est
611 1035 681 1100 illa:
710 1036 752 1100 ln
777 1055 853 1119 qua
880 1055 1068 1102 mensura
1089 1036 1218 1102 mensi
1241 1036 1421 1102 fueritis.
1456 1060 1470 1097 s

273 1141 470 1206 metietur
505 1141 635 1219 uobis,
672 1143 726 1207 uel
764 1142 868 1225 qualis
905 1142 969 1208 ista
1005 1141 1044 1207 (le
1084 1143 1171 1220 lona,
1209 1143 1305 1207 etiam
1342 1142 1423 1207 tales

274 1266 384 1313 omnes
418 1250 501 1326 ante,
534 1266 628 1330 quam
662 1248 705 1313 sit
732 1248 943 1326 Christianus,
976 1248 1064 1314 linire
1093 1249 1224 1334 cogitat,
1256 1267 1422 1333 perparum

274 1354 395 1437 cogitat
427 1355 481 1419 uel
513 1355 729 1421 condicionem
768 1356 939 1422 humanam
972 1354 1026 1421 uel
1058 1360 1193 1421 aetatem
1225 1355 1288 1420 iam
1321 1373 1422 1421 suam.

274 1465 351 1525 sunt
368 1461 452 1525 enim
475 1461 731 1540 innumerabiles,
757 1483 838 1547 quae
862 1481 923 1530 non
947 1467 1024 1529 sunt
1045 1461 1199 1528 finiendae
1222 1464 1294 1527 ante
1317 1461 1422 1540 fidem,
1516 1541 1521 1551 Ι

272 1586 314 1632 ne
337 1567 465 1632 finiatur
487 1569 555 1632 uita
578 1568 649 1633 sine
668 1568 741 1646 tide,
765 1569 823 1635 sad
845 1572 938 1653 plano
961 1572 1085 1634 retenta
1106 1569 1169 1634 iam
1192 1568 1255 1633 tide
1278 1566 1316 1632 ad
1340 1585 1421 1631 exer·
1441 1593 1470 1633 ιο

274 1673 405 1738 cendam
437 1665 522 1758 piam
551 1673 800 1741 delectationum
825 1676 981 1741 mentium
1012 1674 1154 1740 fidelium
1187 1674 1423 1740 studiosissime

273 1779 478 1861 requirendae
507 1783 551 1857 et,
581 1780 666 1863 quoel
693 1781 725 1845 in
753 1765 810 1846 aisw
829 1782 972 1860 eluxerit,
1006 1781 1074 1847 sine
1101 1780 1200 1866 typho
1228 1778 1422 1866 arrogantiae

274 1886 585 1963 communicandum,
614 1886 700 1978 quod
727 1892 834 1955 summ
861 1888 1002 1967 latuerit,
1027 1889 1096 1954 sine
1119 1886 1233 1954 salutis
1257 1885 1420 1970 dispendio

273 1986 484 2058 tolerandum.

807 2135 889 2201 Olli
1439 2157 1469 2198 rs

337 2255 484 2312 DOMINO
504 2253 621 2311 RECTE
640 2256 686 2312 AC
706 2256 843 2312 manlio
863 2256 1108 2313 SUSClPlENDO
1127 2255 1174 2311 ET
1193 2252 1358 2311 OMNIBUS

273 2344 390 2402 MONS
413 2342 644 2401 BONORANDO
668 2344 800 2400 FRATRI
824 2345 1035 2411 AUGUSTINO
1064 2341 1270 2434 nectamus
1292 2344 1332 2398 IN
1355 2340 1420 2397 DO-

702 2434 796 2490 MlNO
816 2434 993 2490 saturant.

232 2538 247 2600 l
320 2543 464 2628 Sumptis
492 2544 608 2609 litteris
639 2544 829 2609 eximietatis
858 2549 943 2622 tuae,
972 2544 1089 2626 quibus
1117 2543 1274 2610 idolorum
1299 2540 1421 2606 cultum

274 2654 307 2714 et
330 2651 522 2735 templorum
546 2651 758 2716 caeremonias
782 2650 978 2728 destmxieti,
1000 2651 1110 2730 audire
1133 2649 1212 2714 milri
1235 2647 1325 2712 uisus
1349 2664 1419 2711 sum
1438 2669 1468 2712 aa

311 2844 323 2897 l
345 2846 458 2912 quaerat
475 2843 503 2896 P
520 2843 652 2897 moriatur
670 2859 801 2913 quaerens
819 2843 850 2898 E
927 2844 944 2899 2
964 2841 1175 2912 eoncedendum]
1195 2839 1421 2896 considerandum

274 2935 316 2984 est
334 2930 365 2984 E
451 2933 527 3001 tet]
548 2930 596 2986 sed
614 2931 645 2986 ΙῘ
718 2921 889 2986 inseruntG
971 2930 1139 2999 tmitietur,
1159 2945 1229 2986 carr.
1248 2929 1377 2984 metietur
1395 2929 1423 2982 P

275 3022 476 3075 recretieturE
546 3020 717 3090 qualis-uel
735 3038 796 3082 om,
815 3023 882 3074 m.2
898 3021 930 3074 in
948 3037 1034 3090 marq.
1055 3018 1169 3074 adali
1239 3035 1333 3073 omnes
1350 3017 1421 3072 tales

209 3163 211 3168 .
274 3108 334 3164 aaa.
391 3111 497 3164 iliniri
516 3110 546 3164 Ε
615 3111 771 3180 perparum]
792 3110 837 3163 uel
857 3110 995 3179 parumE
1011 3124 1151 3179 perperam
1169 3107 1227 3176 sir
1280 3105 1422 3177 congius

273 3200 318 3253 uel
337 3216 387 3253 ora.
411 3201 438 3254 Ε
491 3199 596 3268 cogitet
613 3198 645 3252 Η
665 3202 749 3264 (m.2t
810 3203 928 3252 aetatem
947 3200 1001 3251 iam
1020 3198 1108 3267 suam]
1128 3197 1210 3251 etiam
1230 3197 1283 3250 iam
1302 3211 1377 3248 suam
1394 3196 1422 3248 A

274 3289 356 3342 etiam
371 3293 489 3342 aetutem
505 3304 580 3341 suam
596 3288 740 3357 cogitatE
774 3290 790 3343 9
806 3287 879 3358 sunt]
895 3288 1004 3341 sicutA
1042 3287 1075 3340 10
1090 3285 1151 3348 flac,
1166 3301 1235 3340 carr.
1250 3288 1310 3340 aad
1325 3283 1424 3338 lich

308 3376 561 3431 sed-fideman!
612 3375 738 3447 'pleueE
790 3376 932 3433 adom.A
985 3376 1015 3429 li
1032 3374 1205 3428 dilectionem
1219 3373 1257 3427 M
1307 3374 1340 3427 12
1354 3376 1421 3442 typo

272 3466 418 3520 MACPE
453 3467 485 3519 13
500 3465 749 3519 communicandam
766 3466 837 3535 quod
848 3467 875 3520 ,l
890 3455 1115 3518 communicanda¹
1127 3462 1241 3531 iniqaocl
1252 3461 1284 3515 H
1321 3464 1354 3516 rt
1368 3461 1421 3516 Ex·

272 3555 352 3624 plicit
370 3555 488 3624 epistula
506 3555 694 3623 quaestionum
714 3556 801 3608 sancti
821 3554 941 3624 agustini
955 3552 994 3607 M
1010 3552 1121 3622 explicit
1139 3551 1174 3604 ad
1194 3551 1244 3604 eleo
1263 3552 1367 3620 gratias
1385 3549 1421 3603 ela

272 3644 421 3714 propositis
445 3644 634 3713 questionibus
655 3643 679 3696 C
701 3643 811 3713 explicit
830 3642 947 3713 epistula
966 3642 1054 3695 sancti
1074 3640 1214 3708 augustini
1233 3639 1267 3693 dc
1286 3639 1422 3693 solutione

273 3732 439 3802 quarundam
469 3732 640 3800 questionum
668 3731 698 3785 in
721 3749 778 3785 ras.
802 3736 872 3786 Μ
895 3730 923 3786 Ρ
950 3730 1060 3800 explicit
1087 3729 1205 3800 epistile
1232 3729 1422 3800 quaestionum

272 3823 361 3878 sancti
385 3822 522 3889 augustini
547 3820 580 3873 ad
605 3820 655 3875 deo
679 3822 782 3890 gratias
805 3821 1003 3891 praesbiterum
1024 3818 1051 3873 0
1074 3818 1185 3888 explicit
1202 3818 1273 3872 liber
1290 3834 1335 3872 aex
1354 3833 1421 3888 que·

272 3911 392 3963 etionum
411 3910 549 3980 augustini
570 3911 691 3980 episcopi
709 3912 740 3965 E

546 4035 568 4085 V
595 4060 628 4080 =
647 4035 705 4089 cad.
730 4034 887 4088 Vaticanus
907 4024 967 4088 195
984 4051 1005 4088 s.
1026 4033 1090 4087 XV.

544 4123 571 4176 U
592 4148 626 4169 =
645 4124 703 4178 cad.
728 4123 884 4178 Vaticanus
904 4126 965 4176 499
981 4141 1003 4177 a.
1023 4121 1089 4176 XV.

359 4230 553 4285 Latraaicasec
571 4230 646 4282 taric
667 4229 815 4298 epistelam
838 4231 870 4284 ia
893 4227 1039 4286 Vaticanis
1062 4224 1263 4297 exemplaribus
1284 4234 1422 4296 repertam

266 4321 354 4389 priua
373 4320 526 4373 cadmina.
