<?xml version="1.0" encoding="UTF-8"?>
<!DOCTYPE html PUBLIC "-//W3C//DTD XHTML 1.0 Transitional//EN"
    "http://www.w3.org/TR/xhtml1/DTD/xhtml1-transitional.dtd">
<html xmlns="http://www.w3.org/1999/xhtml" xml:lang="en" lang="en">
 <head>
  <title>
</title>
<meta http-equiv="Content-Type" content="text/html;charset=utf-8" />
  <meta name='ocr-system' content='tesseract 3.04.00' />
  <meta name='ocr-capabilities' content='ocr_page ocr_carea ocr_par ocr_line ocrx_word'/>
</head>
<body>
  <div class='ocr_page' id='page_1' title='image "./savreliavgvstin00goldgoog_0434.png"; bbox 0 0 3309 4867; ppageno 0'>
   <div class='ocr_carea' id='block_1_1' title="bbox 269 336 1063 409">
    <p class='ocr_par' dir='ltr' id='par_1_1' title="bbox 269 336 1063 409">
     <span class='ocr_line' id='line_1_1' title="bbox 269 336 1063 409; baseline -0.015 -3"><span class='ocrx_word' id='word_1_1' title='bbox 269 342 334 406; x_wconf 80' lang='grc'><strong>412</strong></span> <span class='ocrx_word' id='word_1_2' title='bbox 459 359 462 365; x_wconf 78' lang='grc'>’</span> <span class='ocrx_word' id='word_1_3' title='bbox 627 340 654 396; x_wconf 88' lang='lat' dir='ltr'><strong>S.</strong></span> <span class='ocrx_word' id='word_1_4' title='bbox 681 337 819 394; x_wconf 69' lang='lat' dir='ltr'><strong>Aureli</strong></span> <span class='ocrx_word' id='word_1_5' title='bbox 845 336 1063 409; x_wconf 74' lang='lat' dir='ltr'><strong>Augustini</strong></span> 
     </span>
    </p>
   </div>
   <div class='ocr_carea' id='block_1_2' title="bbox 189 530 1471 3171">
    <p class='ocr_par' dir='ltr' id='par_1_2' title="bbox 189 530 1471 3171">
     <span class='ocr_line' id='line_1_2' title="bbox 268 530 1417 629; baseline -0.001 -32"><span class='ocrx_word' id='word_1_6' title='bbox 268 534 396 599; x_wconf 83' lang='lat' dir='ltr'><strong>minus</strong></span> <span class='ocrx_word' id='word_1_7' title='bbox 437 533 548 619; x_wconf 83' lang='lat' dir='ltr'><strong>rogis</strong></span> <span class='ocrx_word' id='word_1_8' title='bbox 590 536 631 598; x_wconf 82' lang='lat' dir='ltr'><strong>ot</strong></span> <span class='ocrx_word' id='word_1_9' title='bbox 670 532 767 621; x_wconf 86' lang='lat' dir='ltr'><strong>irem</strong></span> <span class='ocrx_word' id='word_1_10' title='bbox 809 531 953 598; x_wconf 89' lang='lat' dir='ltr'><strong>leonis.</strong></span> <span class='ocrx_word' id='word_1_11' title='bbox 998 530 1185 629; x_wconf 78' lang='lat' dir='ltr'><strong>Danihelem</strong></span> <span class='ocrx_word' id='word_1_12' title='bbox 1227 532 1417 598; x_wconf 79' lang='lat' dir='ltr'><strong>calumniosi</strong></span> 
     </span>
     <span class='ocr_line' id='line_1_3' title="bbox 189 638 1418 724; baseline -0.001 -19"><span class='ocrx_word' id='word_1_13' title='bbox 189 706 196 716; x_wconf 75' lang='grc'>,</span> <span class='ocrx_word' id='word_1_14' title='bbox 269 639 387 705; x_wconf 89' lang='lat' dir='ltr'><strong>inimici</strong></span> <span class='ocrx_word' id='word_1_15' title='bbox 418 639 450 705; x_wconf 91' lang='lat' dir='ltr'><strong>in</strong></span> <span class='ocrx_word' id='word_1_16' title='bbox 487 640 592 705; x_wconf 85' lang='lat' dir='ltr'><strong>lucum</strong></span> <span class='ocrx_word' id='word_1_17' title='bbox 629 639 757 705; x_wconf 91' lang='lat' dir='ltr'><strong>leonum</strong></span> <span class='ocrx_word' id='word_1_18' title='bbox 789 638 877 706; x_wconf 74' lang='lat' dir='ltr'><strong>tuitii</strong></span> <span class='ocrx_word' id='word_1_19' title='bbox 908 641 1094 724; x_wconf 63' lang='lat' dir='ltr'><strong>coegerunt}</strong></span> <span class='ocrx_word' id='word_1_20' title='bbox 1113 638 1208 704; x_wconf 80' lang='lat' dir='ltr'><strong>inicit·</strong></span> <span class='ocrx_word' id='word_1_21' title='bbox 1235 639 1418 707; x_wconf 84' lang='lat' dir='ltr'><strong>innocentio</strong></span> 
     </span>
     <span class='ocr_line' id='line_1_4' title="bbox 269 743 1416 834; baseline -0.001 -23"><span class='ocrx_word' id='word_1_22' title='bbox 269 748 337 813; x_wconf 87' lang='lat' dir='ltr'><strong>eius</strong></span> <span class='ocrx_word' id='word_1_23' title='bbox 369 745 498 834; x_wconf 89' lang='lat' dir='ltr'><strong>illomm</strong></span> <span class='ocrx_word' id='word_1_24' title='bbox 522 745 694 821; x_wconf 76' lang='lat' dir='ltr'><strong>melitium</strong></span> <span class='ocrx_word' id='word_1_25' title='bbox 721 744 868 811; x_wconf 72' lang='lat' dir='ltr'><strong>inlaesus</strong></span> <span class='ocrx_word' id='word_1_26' title='bbox 896 743 970 811; x_wconf 80' lang='lat' dir='ltr'><strong>inus</strong></span> <span class='ocrx_word' id='word_1_27' title='bbox 996 744 1124 810; x_wconf 76' lang='lat' dir='ltr'><strong>lemma</strong></span> <span class='ocrx_word' id='word_1_28' title='bbox 1150 750 1217 821; x_wconf 69' lang='lat' dir='ltr'><strong>‚eelz</strong></span> <span class='ocrx_word' id='word_1_29' title='bbox 1249 746 1311 830; x_wconf 85' lang='lat' dir='ltr'><strong>ipsi</strong></span> <span class='ocrx_word' id='word_1_30' title='bbox 1337 745 1416 810; x_wconf 89' lang='lat' dir='ltr'><strong>illuc</strong></span> 
     </span>
     <span class='ocr_line' id='line_1_5' title="bbox 269 850 1416 937; baseline -0.003 -18"><span class='ocrx_word' id='word_1_31' title='bbox 269 854 358 921; x_wconf 83' lang='lat' dir='ltr'><strong>missi</strong></span> <span class='ocrx_word' id='word_1_32' title='bbox 386 853 556 937; x_wconf 86' lang='lat' dir='ltr'><strong>perierunt.</strong></span> <span class='ocrx_word' id='word_1_33' title='bbox 589 851 738 921; x_wconf 82' lang='lat' dir='ltr'><strong>simililer</strong></span> <span class='ocrx_word' id='word_1_34' title='bbox 763 851 901 917; x_wconf 82' lang='lat' dir='ltr'><strong>maiores</strong></span> <span class='ocrx_word' id='word_1_35' title='bbox 928 851 1029 917; x_wconf 73' lang='lat' dir='ltr'><strong>nmini</strong></span> <span class='ocrx_word' id='word_1_36' title='bbox 1053 850 1267 932; x_wconf 70' lang='lat' dir='ltr'><strong>caecilianum</strong></span> <span class='ocrx_word' id='word_1_37' title='bbox 1291 853 1416 917; x_wconf 81' lang='lat' dir='ltr'><strong>eteius</strong></span> 
     </span>
     <span class='ocr_line' id='line_1_6' title="bbox 269 942 1466 1044; baseline -0.005 -16"><span class='ocrx_word' id='word_1_38' title='bbox 269 962 454 1028; x_wconf 75' lang='lat' dir='ltr'><strong>societatem</strong></span> <span class='ocrx_word' id='word_1_39' title='bbox 486 959 591 1044; x_wconf 79' lang='lat' dir='ltr'><strong>regies</strong></span> <span class='ocrx_word' id='word_1_40' title='bbox 621 957 687 1025; x_wconf 86' lang='lat' dir='ltr'><strong>irne</strong></span> <span class='ocrx_word' id='word_1_41' title='bbox 714 957 961 1024; x_wconf 72' lang='lat' dir='ltr'><strong>consumendam</strong></span> <span class='ocrx_word' id='word_1_42' title='bbox 988 942 1183 1033; x_wconf 59' lang='lat' dir='ltr'><strong>obieceruni</strong></span> <span class='ocrx_word' id='word_1_43' title='bbox 1211 958 1302 1023; x_wconf 83' lang='lat' dir='ltr'><strong>cuins</strong></span> <span class='ocrx_word' id='word_1_44' title='bbox 1329 958 1417 1023; x_wconf 88' lang='lat' dir='ltr'><strong>inno·</strong></span> <span class='ocrx_word' id='word_1_45' title='bbox 1453 987 1466 1021; x_wconf 68' lang='lat' dir='ltr'><strong>c</strong></span> 
     </span>
     <span class='ocr_line' id='line_1_7' title="bbox 270 1061 1416 1149; baseline -0.003 -16"><span class='ocrx_word' id='word_1_46' title='bbox 270 1066 373 1133; x_wconf 84' lang='lat' dir='ltr'><strong>contin</strong></span> <span class='ocrx_word' id='word_1_47' title='bbox 402 1064 536 1130; x_wconf 78' lang='lat' dir='ltr'><strong>liberale</strong></span> <span class='ocrx_word' id='word_1_48' title='bbox 564 1064 603 1130; x_wconf 84' lang='lat' dir='ltr'><strong>nb</strong></span> <span class='ocrx_word' id='word_1_49' title='bbox 632 1062 751 1133; x_wconf 83' lang='lat' dir='ltr'><strong>eisdem</strong></span> <span class='ocrx_word' id='word_1_50' title='bbox 779 1061 910 1149; x_wconf 76' lang='lat' dir='ltr'><strong>regibus</strong></span> <span class='ocrx_word' id='word_1_51' title='bbox 936 1062 1045 1128; x_wconf 86' lang='lat' dir='ltr'><strong>endem</strong></span> <span class='ocrx_word' id='word_1_52' title='bbox 1074 1081 1133 1129; x_wconf 88' lang='lat' dir='ltr'><strong>nos</strong></span> <span class='ocrx_word' id='word_1_53' title='bbox 1156 1064 1312 1149; x_wconf 78' lang='lat' dir='ltr'><strong>petimini,</strong></span> <span class='ocrx_word' id='word_1_54' title='bbox 1336 1084 1416 1147; x_wconf 84' lang='lat' dir='ltr'><strong>quoe</strong></span> 
     </span>
     <span class='ocr_line' id='line_1_8' title="bbox 268 1154 1418 1259; baseline -0.005 -18"><span class='ocrx_word' id='word_1_55' title='bbox 268 1154 345 1245; x_wconf 74' lang='lat' dir='ltr'><strong>illos</strong></span> <span class='ocrx_word' id='word_1_56' title='bbox 365 1170 467 1237; x_wconf 81' lang='lat' dir='ltr'><strong>uestri</strong></span> <span class='ocrx_word' id='word_1_57' title='bbox 485 1171 550 1254; x_wconf 82' lang='lat' dir='ltr'><strong>puli</strong></span> <span class='ocrx_word' id='word_1_58' title='bbox 571 1172 756 1259; x_wconf 77' lang='lat' dir='ltr'><strong>uoluerunt,</strong></span> <span class='ocrx_word' id='word_1_59' title='bbox 775 1170 924 1253; x_wconf 82' lang='lat' dir='ltr'><strong>quonium</strong></span> <span class='ocrx_word' id='word_1_60' title='bbox 945 1169 1181 1253; x_wconf 81' lang='lat' dir='ltr'><strong>scriptumest:</strong></span> <span class='ocrx_word' id='word_1_61' title='bbox 1205 1170 1279 1251; x_wconf 87' lang='lat' dir='ltr'><strong>Qui</strong></span> <span class='ocrx_word' id='word_1_62' title='bbox 1303 1178 1418 1254; x_wconf 79' lang='lat' dir='ltr'><strong>purat</strong></span> 
     </span>
     <span class='ocr_line' id='line_1_9' title="bbox 269 1274 1115 1363; baseline 0 -19"><span class='ocrx_word' id='word_1_63' title='bbox 269 1277 449 1363; x_wconf 81' lang='lat' dir='ltr'><strong>proximo</strong></span> <span class='ocrx_word' id='word_1_64' title='bbox 471 1278 643 1356; x_wconf 79' lang='lat' dir='ltr'><strong>foueam,</strong></span> <span class='ocrx_word' id='word_1_65' title='bbox 666 1276 756 1359; x_wconf 81' lang='lat' dir='ltr'><strong>ipsc</strong></span> <span class='ocrx_word' id='word_1_66' title='bbox 779 1274 939 1341; x_wconf 80' lang='lat' dir='ltr'><strong>incidet</strong></span> <span class='ocrx_word' id='word_1_67' title='bbox 960 1275 999 1341; x_wconf 93' lang='lat' dir='ltr'><strong>in</strong></span> <span class='ocrx_word' id='word_1_68' title='bbox 1022 1293 1115 1344; x_wconf 80' lang='lat' dir='ltr'><strong>oum.</strong></span> 
     </span>
     <span class='ocr_line' id='line_1_10' title="bbox 227 1381 1424 1469; baseline -0.004 -15"><span class='ocrx_word' id='word_1_69' title='bbox 227 1390 247 1454; x_wconf 83' lang='lat' dir='ltr'><strong>li</strong></span> <span class='ocrx_word' id='word_1_70' title='bbox 313 1385 362 1451; x_wconf 90' lang='lat' dir='ltr'><strong>De</strong></span> <span class='ocrx_word' id='word_1_71' title='bbox 390 1382 482 1450; x_wconf 89' lang='lat' dir='ltr'><strong>nobis</strong></span> <span class='ocrx_word' id='word_1_72' title='bbox 510 1401 585 1469; x_wconf 82' lang='lat' dir='ltr'><strong>ergo</strong></span> <span class='ocrx_word' id='word_1_73' title='bbox 613 1381 692 1466; x_wconf 80' lang='lat' dir='ltr'><strong>quid</strong></span> <span class='ocrx_word' id='word_1_74' title='bbox 714 1382 902 1466; x_wconf 72' lang='lat' dir='ltr'><strong>queramini,</strong></span> <span class='ocrx_word' id='word_1_75' title='bbox 926 1400 987 1448; x_wconf 92' lang='lat' dir='ltr'><strong>non</strong></span> <span class='ocrx_word' id='word_1_76' title='bbox 1012 1382 1111 1448; x_wconf 81' lang='lat' dir='ltr'><strong>hebes</strong></span> <span class='ocrx_word' id='word_1_77' title='bbox 1135 1387 1168 1448; x_wconf 84' lang='lat' dir='ltr'><strong>et</strong></span> <span class='ocrx_word' id='word_1_78' title='bbox 1190 1387 1294 1448; x_wconf 87' lang='lat' dir='ltr'><strong>tumen</strong></span> <span class='ocrx_word' id='word_1_79' title='bbox 1319 1385 1424 1449; x_wconf 70' lang='lat' dir='ltr'><strong>ecole-</strong></span> 
     </span>
     <span class='ocr_line' id='line_1_11' title="bbox 270 1488 1465 1573; baseline -0.004 -13"><span class='ocrx_word' id='word_1_80' title='bbox 270 1492 336 1560; x_wconf 86' lang='lat' dir='ltr'><strong>sine</strong></span> <span class='ocrx_word' id='word_1_81' title='bbox 362 1489 574 1557; x_wconf 74' lang='lat' dir='ltr'><strong>mansuetudo</strong></span> <span class='ocrx_word' id='word_1_82' title='bbox 602 1488 699 1554; x_wconf 83' lang='lat' dir='ltr'><strong>elium</strong></span> <span class='ocrx_word' id='word_1_83' title='bbox 726 1488 766 1552; x_wconf 84' lang='lat' dir='ltr'><strong>ab</strong></span> <span class='ocrx_word' id='word_1_84' title='bbox 794 1489 845 1553; x_wconf 89' lang='lat' dir='ltr'><strong>his</strong></span> <span class='ocrx_word' id='word_1_85' title='bbox 870 1488 1100 1573; x_wconf 81' lang='lat' dir='ltr'><strong>impernlomm</strong></span> <span class='ocrx_word' id='word_1_86' title='bbox 1126 1489 1324 1555; x_wconf 82' lang='lat' dir='ltr'><strong>iussionibus</strong></span> <span class='ocrx_word' id='word_1_87' title='bbox 1352 1508 1416 1555; x_wconf 87' lang='lat' dir='ltr'><strong>om·</strong></span> <span class='ocrx_word' id='word_1_88' title='bbox 1440 1516 1465 1555; x_wconf 82' lang='lat' dir='ltr'><strong>m</strong></span> 
     </span>
     <span class='ocr_line' id='line_1_12' title="bbox 225 1580 1467 1681; baseline -0.004 -16"><span class='ocrx_word' id='word_1_89' title='bbox 225 1610 228 1617; x_wconf 81' lang='grc'><em>’</em></span> <span class='ocrx_word' id='word_1_90' title='bbox 270 1598 342 1666; x_wconf 89' lang='lat' dir='ltr'><strong>nino</strong></span> <span class='ocrx_word' id='word_1_91' title='bbox 374 1595 609 1679; x_wconf 80' lang='lat' dir='ltr'><strong>conquieuersl,</strong></span> <span class='ocrx_word' id='word_1_92' title='bbox 643 1594 705 1660; x_wconf 89' lang='lat' dir='ltr'><strong>nisi</strong></span> <span class='ocrx_word' id='word_1_93' title='bbox 737 1594 839 1660; x_wconf 82' lang='lat' dir='ltr'><strong>ueniri</strong></span> <span class='ocrx_word' id='word_1_94' title='bbox 866 1593 975 1660; x_wconf 88' lang='lat' dir='ltr'><strong>clerici</strong></span> <span class='ocrx_word' id='word_1_95' title='bbox 1005 1598 1039 1659; x_wconf 82' lang='lat' dir='ltr'><strong>et</strong></span> <span class='ocrx_word' id='word_1_96' title='bbox 1061 1594 1340 1662; x_wconf 76' lang='lat' dir='ltr'><strong>Circumcelliones</strong></span> <span class='ocrx_word' id='word_1_97' title='bbox 1362 1616 1419 1681; x_wconf 84' lang='lat' dir='ltr'><strong>per</strong></span> <span class='ocrx_word' id='word_1_98' title='bbox 1463 1580 1467 1584; x_wconf 49' lang='grc'><strong>’</strong></span> 
     </span>
     <span class='ocr_line' id='line_1_13' title="bbox 270 1701 1417 1790; baseline -0.005 -18"><span class='ocrx_word' id='word_1_99' title='bbox 270 1723 344 1772; x_wconf 82' lang='lat' dir='ltr'><strong>suus</strong></span> <span class='ocrx_word' id='word_1_100' title='bbox 366 1701 615 1772; x_wconf 74' lang='lat' dir='ltr'><strong>immanissimos</strong></span> <span class='ocrx_word' id='word_1_101' title='bbox 637 1701 847 1787; x_wconf 78' lang='lat' dir='ltr'><strong>inprobiiutos</strong></span> <span class='ocrx_word' id='word_1_102' title='bbox 869 1701 1072 1790; x_wconf 75' lang='lat' dir='ltr'><strong>furiosasque</strong></span> <span class='ocrx_word' id='word_1_103' title='bbox 1089 1703 1258 1768; x_wconf 80' lang='lat' dir='ltr'><strong>uiolentius</strong></span> <span class='ocrx_word' id='word_1_104' title='bbox 1278 1703 1417 1785; x_wconf 79' lang='lat' dir='ltr'><strong>quietem</strong></span> 
     </span>
     <span class='ocr_line' id='line_1_14' title="bbox 270 1807 1419 1893; baseline -0.003 -16"><span class='ocrx_word' id='word_1_105' title='bbox 270 1814 410 1877; x_wconf 81' lang='lat' dir='ltr'><strong>nostrum</strong></span> <span class='ocrx_word' id='word_1_106' title='bbox 442 1807 662 1893; x_wconf 72' lang='lat' dir='ltr'><strong>perturbantes</strong></span> <span class='ocrx_word' id='word_1_107' title='bbox 695 1812 792 1892; x_wconf 75' lang='lat' dir='ltr'><strong>nique</strong></span> <span class='ocrx_word' id='word_1_108' title='bbox 821 1812 990 1874; x_wconf 74' lang='lat' dir='ltr'><strong>constantes</strong></span> <span class='ocrx_word' id='word_1_109' title='bbox 1020 1808 1097 1874; x_wconf 82' lang='lat' dir='ltr'><strong>hoec</strong></span> <span class='ocrx_word' id='word_1_110' title='bbox 1124 1808 1155 1873; x_wconf 93' lang='lat' dir='ltr'><strong>in</strong></span> <span class='ocrx_word' id='word_1_111' title='bbox 1180 1827 1239 1875; x_wconf 91' lang='lat' dir='ltr'><strong>uos</strong></span> <span class='ocrx_word' id='word_1_112' title='bbox 1262 1810 1362 1875; x_wconf 90' lang='lat' dir='ltr'><strong>recoli</strong></span> <span class='ocrx_word' id='word_1_113' title='bbox 1386 1815 1419 1874; x_wconf 82' lang='lat' dir='ltr'><strong>et</strong></span> 
     </span>
     <span class='ocr_line' id='line_1_15' title="bbox 272 1906 1418 1999; baseline 0.001 -18"><span class='ocrx_word' id='word_1_114' title='bbox 272 1915 394 1982; x_wconf 89' lang='lat' dir='ltr'><strong>moueri</strong></span> <span class='ocrx_word' id='word_1_115' title='bbox 426 1906 615 1999; x_wconf 74' lang='lat' dir='ltr'><strong>coegissenn</strong></span> <span class='ocrx_word' id='word_1_116' title='bbox 648 1913 839 1998; x_wconf 79' lang='lat' dir='ltr'><strong>numptius</strong></span> <span class='ocrx_word' id='word_1_117' title='bbox 869 1932 964 1997; x_wconf 84' lang='lat' dir='ltr'><strong>quam</strong></span> <span class='ocrx_word' id='word_1_118' title='bbox 992 1914 1183 1980; x_wconf 79' lang='lat' dir='ltr'><strong>recentiores</strong></span> <span class='ocrx_word' id='word_1_119' title='bbox 1210 1916 1300 1999; x_wconf 85' lang='lat' dir='ltr'><strong>leges</strong></span> <span class='ocrx_word' id='word_1_120' title='bbox 1327 1916 1418 1993; x_wconf 78' lang='lat' dir='ltr'><strong>istae,</strong></span> 
     </span>
     <span class='ocr_line' id='line_1_16' title="bbox 273 2019 1469 2106; baseline 0.002 -19"><span class='ocrx_word' id='word_1_121' title='bbox 273 2024 311 2087; x_wconf 87' lang='lat' dir='ltr'><strong>de</strong></span> <span class='ocrx_word' id='word_1_122' title='bbox 338 2021 456 2106; x_wconf 87' lang='lat' dir='ltr'><strong>quibus</strong></span> <span class='ocrx_word' id='word_1_123' title='bbox 484 2019 578 2085; x_wconf 86' lang='lat' dir='ltr'><strong>mollo</strong></span> <span class='ocrx_word' id='word_1_124' title='bbox 606 2020 787 2103; x_wconf 86' lang='lat' dir='ltr'><strong>querimini,</strong></span> <span class='ocrx_word' id='word_1_125' title='bbox 814 2021 979 2086; x_wconf 80' lang='lat' dir='ltr'><strong>uenissent</strong></span> <span class='ocrx_word' id='word_1_126' title='bbox 1005 2020 1036 2086; x_wconf 91' lang='lat' dir='ltr'><strong>in</strong></span> <span class='ocrx_word' id='word_1_127' title='bbox 1060 2021 1209 2099; x_wconf 82' lang='lat' dir='ltr'><strong>Africam,</strong></span> <span class='ocrx_word' id='word_1_128' title='bbox 1233 2021 1365 2088; x_wconf 79' lang='lat' dir='ltr'><strong>insidias</strong></span> <span class='ocrx_word' id='word_1_129' title='bbox 1388 2025 1419 2088; x_wconf 92' lang='lat' dir='ltr'><strong>in</strong></span> <span class='ocrx_word' id='word_1_130' title='bbox 1438 2047 1469 2089; x_wconf 79' lang='lat' dir='ltr'><strong>re</strong></span> 
     </span>
     <span class='ocr_line' id='line_1_17' title="bbox 272 2126 1420 2211; baseline -0.003 -16"><span class='ocrx_word' id='word_1_131' title='bbox 272 2127 438 2195; x_wconf 87' lang='lat' dir='ltr'><strong>itineribus</strong></span> <span class='ocrx_word' id='word_1_132' title='bbox 470 2128 589 2207; x_wconf 78' lang='lat' dir='ltr'><strong>nostris</strong></span> <span class='ocrx_word' id='word_1_133' title='bbox 621 2126 780 2211; x_wconf 82' lang='lat' dir='ltr'><strong>episcopis</strong></span> <span class='ocrx_word' id='word_1_134' title='bbox 817 2126 1029 2203; x_wconf 79' lang='lat' dir='ltr'><strong>tetenderunt,</strong></span> <span class='ocrx_word' id='word_1_135' title='bbox 1065 2127 1259 2194; x_wconf 83' lang='lat' dir='ltr'><strong>conclericos</strong></span> <span class='ocrx_word' id='word_1_136' title='bbox 1294 2132 1420 2194; x_wconf 80' lang='lat' dir='ltr'><strong>nostros</strong></span> 
     </span>
     <span class='ocr_line' id='line_1_18' title="bbox 274 2232 1420 2322; baseline -0.001 -20"><span class='ocrx_word' id='word_1_137' title='bbox 274 2235 376 2322; x_wconf 74' lang='lat' dir='ltr'><strong>pingis</strong></span> <span class='ocrx_word' id='word_1_138' title='bbox 408 2234 650 2300; x_wconf 74' lang='lat' dir='ltr'><strong>immanissimis</strong></span> <span class='ocrx_word' id='word_1_139' title='bbox 684 2236 926 2317; x_wconf 80' lang='lat' dir='ltr'><strong>qumscuerunl,</strong></span> <span class='ocrx_word' id='word_1_140' title='bbox 958 2232 1050 2300; x_wconf 78' lang='lat' dir='ltr'><strong>luicis</strong></span> <span class='ocrx_word' id='word_1_141' title='bbox 1082 2254 1210 2320; x_wconf 88' lang='lat' dir='ltr'><strong>quoque</strong></span> <span class='ocrx_word' id='word_1_142' title='bbox 1241 2239 1274 2301; x_wconf 80' lang='lat' dir='ltr'><strong>ec</strong></span> <span class='ocrx_word' id='word_1_143' title='bbox 1309 2237 1420 2321; x_wconf 77' lang='lat' dir='ltr'><strong>pinges</strong></span> 
     </span>
     <span class='ocr_line' id='line_1_19' title="bbox 274 2330 1420 2431; baseline -0.002 -23"><span class='ocrx_word' id='word_1_144' title='bbox 274 2330 482 2431; x_wconf 79' lang='lat' dir='ltr'><strong>gruniseirnus</strong></span> <span class='ocrx_word' id='word_1_145' title='bbox 505 2340 684 2407; x_wconf 79' lang='lat' dir='ltr'><strong>inflixerunt</strong></span> <span class='ocrx_word' id='word_1_146' title='bbox 707 2330 739 2406; x_wconf 77' lang='lat' dir='ltr'><strong>ei</strong></span> <span class='ocrx_word' id='word_1_147' title='bbox 762 2342 939 2406; x_wconf 78' lang='lat' dir='ltr'><strong>intulerunt</strong></span> <span class='ocrx_word' id='word_1_148' title='bbox 960 2359 1069 2406; x_wconf 87' lang='lat' dir='ltr'><strong>eorum</strong></span> <span class='ocrx_word' id='word_1_149' title='bbox 1092 2340 1244 2409; x_wconf 83' lang='lat' dir='ltr'><strong>aediliciis</strong></span> <span class='ocrx_word' id='word_1_150' title='bbox 1267 2342 1420 2426; x_wconf 83' lang='lat' dir='ltr'><strong>incendis.</strong></span> 
     </span>
     <span class='ocr_line' id='line_1_20' title="bbox 272 2447 1420 2535; baseline -0.001 -19"><span class='ocrx_word' id='word_1_151' title='bbox 272 2449 493 2535; x_wconf 75' lang='lat' dir='ltr'><strong>presbyterum</strong></span> <span class='ocrx_word' id='word_1_152' title='bbox 517 2447 612 2511; x_wconf 80' lang='lat' dir='ltr'><strong>etium</strong></span> <span class='ocrx_word' id='word_1_153' title='bbox 636 2447 803 2529; x_wconf 77' lang='lat' dir='ltr'><strong>quendum,</strong></span> <span class='ocrx_word' id='word_1_154' title='bbox 827 2447 903 2530; x_wconf 83' lang='lat' dir='ltr'><strong>quin</strong></span> <span class='ocrx_word' id='word_1_155' title='bbox 923 2447 1050 2531; x_wconf 80' lang='lat' dir='ltr'><strong>propriu</strong></span> <span class='ocrx_word' id='word_1_156' title='bbox 1072 2451 1105 2513; x_wconf 79' lang='lat' dir='ltr'><strong>ei</strong></span> <span class='ocrx_word' id='word_1_157' title='bbox 1126 2449 1228 2514; x_wconf 83' lang='lat' dir='ltr'><strong>libem</strong></span> <span class='ocrx_word' id='word_1_158' title='bbox 1253 2451 1420 2515; x_wconf 80' lang='lat' dir='ltr'><strong>nolunlute</strong></span> 
     </span>
     <span class='ocr_line' id='line_1_21' title="bbox 273 2553 1470 2638; baseline -0.003 -16"><span class='ocrx_word' id='word_1_159' title='bbox 273 2556 428 2622; x_wconf 79' lang='lat' dir='ltr'><strong>unilutom</strong></span> <span class='ocrx_word' id='word_1_160' title='bbox 462 2558 586 2619; x_wconf 73' lang='lat' dir='ltr'><strong>nostrae</strong></span> <span class='ocrx_word' id='word_1_161' title='bbox 619 2553 852 2620; x_wconf 89' lang='lat' dir='ltr'><strong>communionis</strong></span> <span class='ocrx_word' id='word_1_162' title='bbox 885 2553 995 2638; x_wconf 76' lang='lat' dir='ltr'><strong>elegii,</strong></span> <span class='ocrx_word' id='word_1_163' title='bbox 1023 2553 1185 2620; x_wconf 86' lang='lat' dir='ltr'><strong>dedomo</strong></span> <span class='ocrx_word' id='word_1_164' title='bbox 1213 2574 1272 2621; x_wconf 88' lang='lat' dir='ltr'><strong>sun</strong></span> <span class='ocrx_word' id='word_1_165' title='bbox 1293 2558 1421 2638; x_wconf 79' lang='lat' dir='ltr'><strong>ruptum</strong></span> <span class='ocrx_word' id='word_1_166' title='bbox 1439 2580 1470 2619; x_wconf 79' lang='lat' dir='ltr'><strong>so</strong></span> 
     </span>
     <span class='ocr_line' id='line_1_22' title="bbox 274 2660 1421 2746; baseline -0.003 -17"><span class='ocrx_word' id='word_1_167' title='bbox 274 2669 307 2729; x_wconf 86' lang='lat' dir='ltr'><strong>el</strong></span> <span class='ocrx_word' id='word_1_168' title='bbox 337 2681 394 2746; x_wconf 87' lang='lat' dir='ltr'><strong>pro</strong></span> <span class='ocrx_word' id='word_1_169' title='bbox 427 2661 557 2728; x_wconf 85' lang='lat' dir='ltr'><strong>urbilrio</strong></span> <span class='ocrx_word' id='word_1_170' title='bbox 586 2660 766 2726; x_wconf 72' lang='lat' dir='ltr'><strong>immuniter</strong></span> <span class='ocrx_word' id='word_1_171' title='bbox 792 2678 931 2737; x_wconf 81' lang='lat' dir='ltr'><strong>caesum,</strong></span> <span class='ocrx_word' id='word_1_172' title='bbox 959 2660 990 2723; x_wconf 89' lang='lat' dir='ltr'><strong>in</strong></span> <span class='ocrx_word' id='word_1_173' title='bbox 1015 2660 1143 2744; x_wconf 84' lang='lat' dir='ltr'><strong>gurgite</strong></span> <span class='ocrx_word' id='word_1_174' title='bbox 1167 2660 1264 2726; x_wconf 81' lang='lat' dir='ltr'><strong>etium</strong></span> <span class='ocrx_word' id='word_1_175' title='bbox 1287 2680 1421 2727; x_wconf 78' lang='lat' dir='ltr'><strong>coenoso</strong></span> 
     </span>
     <span class='ocr_line' id='line_1_23' title="bbox 268 2765 1421 2850; baseline -0.005 -15"><span class='ocrx_word' id='word_1_176' title='bbox 268 2771 466 2845; x_wconf 72' lang='lat' dir='ltr'><strong>:uolutuium</strong></span> <span class='ocrx_word' id='word_1_177' title='bbox 499 2768 584 2833; x_wconf 79' lang='lat' dir='ltr'><strong>buliu</strong></span> <span class='ocrx_word' id='word_1_178' title='bbox 614 2767 770 2832; x_wconf 77' lang='lat' dir='ltr'><strong>uestitum</strong></span> <span class='ocrx_word' id='word_1_179' title='bbox 802 2784 875 2831; x_wconf 92' lang='lat' dir='ltr'><strong>cum</strong></span> <span class='ocrx_word' id='word_1_180' title='bbox 907 2765 1098 2850; x_wconf 86' lang='lat' dir='ltr'><strong>quibusdum</strong></span> <span class='ocrx_word' id='word_1_181' title='bbox 1135 2766 1316 2846; x_wconf 84' lang='lat' dir='ltr'><strong>dolendum,</strong></span> <span class='ocrx_word' id='word_1_182' title='bbox 1353 2767 1421 2849; x_wconf 88' lang='lat' dir='ltr'><strong>qui-</strong></span> 
     </span>
     <span class='ocr_line' id='line_1_24' title="bbox 273 2871 1422 2956; baseline -0.006 -13"><span class='ocrx_word' id='word_1_183' title='bbox 273 2876 408 2943; x_wconf 81' lang='lat' dir='ltr'><strong>busdam</strong></span> <span class='ocrx_word' id='word_1_184' title='bbox 432 2873 598 2941; x_wconf 83' lang='lat' dir='ltr'><strong>ridendum</strong></span> <span class='ocrx_word' id='word_1_185' title='bbox 621 2874 652 2937; x_wconf 89' lang='lat' dir='ltr'><strong>in</strong></span> <span class='ocrx_word' id='word_1_186' title='bbox 676 2872 865 2956; x_wconf 67' lang='lat' dir='ltr'><strong>pemmoni</strong></span> <span class='ocrx_word' id='word_1_187' title='bbox 889 2871 1039 2938; x_wconf 81' lang='lat' dir='ltr'><strong>facinoris</strong></span> <span class='ocrx_word' id='word_1_188' title='bbox 1058 2878 1286 2954; x_wconf 75' lang='lat' dir='ltr'><strong>ostentassent,</strong></span> <span class='ocrx_word' id='word_1_189' title='bbox 1305 2872 1422 2938; x_wconf 80' lang='lat' dir='ltr'><strong>ebduc-</strong></span> 
     </span>
     <span class='ocr_line' id='line_1_25' title="bbox 273 2962 1421 3075; baseline -0.005 -26"><span class='ocrx_word' id='word_1_190' title='bbox 273 2989 342 3049; x_wconf 83' lang='lat' dir='ltr'><strong>ium</strong></span> <span class='ocrx_word' id='word_1_191' title='bbox 384 2981 467 3058; x_wconf 85' lang='lat' dir='ltr'><strong>inde,</strong></span> <span class='ocrx_word' id='word_1_192' title='bbox 510 3000 572 3064; x_wconf 90' lang='lat' dir='ltr'><strong>quo</strong></span> <span class='ocrx_word' id='word_1_193' title='bbox 611 2981 792 3058; x_wconf 83' lang='lat' dir='ltr'><strong>uoluerunt,</strong></span> <span class='ocrx_word' id='word_1_194' title='bbox 831 2980 884 3044; x_wconf 85' lang='lat' dir='ltr'><strong>uir</strong></span> <span class='ocrx_word' id='word_1_195' title='bbox 920 2962 1011 3061; x_wconf 75' lang='lat' dir='ltr'><strong>posl&#39;</strong></span> <span class='ocrx_word' id='word_1_196' title='bbox 1028 2978 1096 3045; x_wconf 86' lang='lat' dir='ltr'><strong>dies</strong></span> <span class='ocrx_word' id='word_1_197' title='bbox 1128 2979 1191 3044; x_wconf 83' lang='lat' dir='ltr'><strong>llll</strong></span> <span class='ocrx_word' id='word_1_198' title='bbox 1224 2978 1421 3075; x_wconf 65' lang='lat' dir='ltr'><strong>dimiserunt.</strong></span> 
     </span>
     <span class='ocr_line' id='line_1_26' title="bbox 273 3084 1471 3171; baseline -0.002 -17"><span class='ocrx_word' id='word_1_199' title='bbox 273 3088 357 3154; x_wconf 78' lang='lat' dir='ltr'><strong>unde</strong></span> <span class='ocrx_word' id='word_1_200' title='bbox 381 3094 556 3154; x_wconf 84' lang='lat' dir='ltr'><strong>conuentus</strong></span> <span class='ocrx_word' id='word_1_201' title='bbox 580 3086 827 3171; x_wconf 74' lang='lat' dir='ltr'><strong>municipalibus</strong></span> <span class='ocrx_word' id='word_1_202' title='bbox 852 3085 953 3170; x_wconf 80' lang='lat' dir='ltr'><strong>gestis</strong></span> <span class='ocrx_word' id='word_1_203' title='bbox 973 3105 992 3150; x_wconf 83' lang='lat' dir='ltr'>a</span> <span class='ocrx_word' id='word_1_204' title='bbox 1010 3090 1118 3152; x_wconf 81' lang='lat' dir='ltr'><strong>nostru</strong></span> <span class='ocrx_word' id='word_1_205' title='bbox 1137 3086 1286 3168; x_wconf 88' lang='lat' dir='ltr'><strong>episcopo</strong></span> <span class='ocrx_word' id='word_1_206' title='bbox 1306 3084 1424 3150; x_wconf 85' lang='lat' dir='ltr'><strong>Procu-</strong></span> <span class='ocrx_word' id='word_1_207' title='bbox 1442 3111 1471 3152; x_wconf 71' lang='lat' dir='ltr'><strong>se</strong></span> 
     </span>
    </p>
   </div>
   <div class='ocr_carea' id='block_1_3' title="bbox 363 3365 598 3429">
    <p class='ocr_par' dir='ltr' id='par_1_3' title="bbox 363 3365 598 3429">
     <span class='ocr_line' id='line_1_27' title="bbox 363 3365 598 3429; baseline 0 -10"><span class='ocrx_word' id='word_1_208' title='bbox 363 3367 378 3419; x_wconf 85' lang='grc'><strong>7</strong></span> <span class='ocrx_word' id='word_1_209' title='bbox 398 3365 480 3419; x_wconf 79' lang='lat' dir='ltr'><strong>Eooli.</strong></span> <span class='ocrx_word' id='word_1_210' title='bbox 501 3367 544 3429; x_wconf 75' lang='lat'><strong>27,</strong></span> <span class='ocrx_word' id='word_1_211' title='bbox 563 3367 598 3419; x_wconf 80' lang='lat'><strong>29</strong></span> 
     </span>
    </p>
   </div>
   <div class='ocr_carea' id='block_1_4' title="bbox 273 3521 1426 4285">
    <p class='ocr_par' dir='ltr' id='par_1_4' title="bbox 309 3521 1422 3587">
     <span class='ocr_line' id='line_1_28' title="bbox 309 3521 1422 3587; baseline -0.001 -10"><span class='ocrx_word' id='word_1_212' title='bbox 309 3526 326 3577; x_wconf 75' lang='lat'><strong>2</strong></span> <span class='ocrx_word' id='word_1_213' title='bbox 345 3523 433 3585; x_wconf 80' lang='lat' dir='ltr'><strong>initte,</strong></span> <span class='ocrx_word' id='word_1_214' title='bbox 453 3524 520 3576; x_wconf 75' lang='lat' dir='ltr'><strong>nn2</strong></span> <span class='ocrx_word' id='word_1_215' title='bbox 536 3522 645 3576; x_wconf 74' lang='lat' dir='ltr'><strong>mittere</strong></span> <span class='ocrx_word' id='word_1_216' title='bbox 666 3522 701 3576; x_wconf 99' lang='lat' dir='ltr'><strong><em>M</em></strong></span> <span class='ocrx_word' id='word_1_217' title='bbox 761 3524 778 3577; x_wconf 80' lang='lat'><strong>3</strong></span> <span class='ocrx_word' id='word_1_218' title='bbox 797 3521 912 3579; x_wconf 81' lang='lat' dir='ltr'><strong>melitis.</strong></span> <span class='ocrx_word' id='word_1_219' title='bbox 931 3525 997 3577; x_wconf 74' lang='lat' dir='ltr'><strong>m.2</strong></span> <span class='ocrx_word' id='word_1_220' title='bbox 1015 3522 1121 3577; x_wconf 74' lang='lat' dir='ltr'><strong>rnulitic</strong></span> <span class='ocrx_word' id='word_1_221' title='bbox 1138 3523 1167 3577; x_wconf 89' lang='lat' dir='ltr'><strong><em>P</em></strong></span> <span class='ocrx_word' id='word_1_222' title='bbox 1231 3524 1249 3577; x_wconf 81' lang='lat' dir='ltr'><strong>l</strong></span> <span class='ocrx_word' id='word_1_223' title='bbox 1267 3522 1336 3587; x_wconf 82' lang='lat' dir='ltr'><strong>icus,</strong></span> <span class='ocrx_word' id='word_1_224' title='bbox 1353 3537 1422 3578; x_wconf 81' lang='lat' dir='ltr'><strong>cerr.</strong></span> 
     </span>
    </p>

    <p class='ocr_par' dir='ltr' id='par_1_5' title="bbox 273 3609 1426 4285">
     <span class='ocr_line' id='line_1_29' title="bbox 273 3609 1423 3681; baseline -0.003 -14"><span class='ocrx_word' id='word_1_225' title='bbox 273 3612 407 3668; x_wconf 83' lang='lat' dir='ltr'><strong>m.1eius</strong></span> <span class='ocrx_word' id='word_1_226' title='bbox 427 3610 464 3664; x_wconf 86' lang='lat' dir='ltr'><strong><em>M</em></strong></span> <span class='ocrx_word' id='word_1_227' title='bbox 525 3609 721 3665; x_wconf 64' lang='lat' dir='ltr'><strong>{subiecerunt</strong></span> <span class='ocrx_word' id='word_1_228' title='bbox 738 3610 774 3666; x_wconf 89' lang='lat' dir='ltr'><strong><em>M</em></strong></span> <span class='ocrx_word' id='word_1_229' title='bbox 835 3609 1003 3680; x_wconf 71' lang='lat' dir='ltr'><strong>operemini</strong></span> <span class='ocrx_word' id='word_1_230' title='bbox 1021 3610 1059 3664; x_wconf 82' lang='lat' dir='ltr'><strong><em>M</em></strong></span> <span class='ocrx_word' id='word_1_231' title='bbox 1074 3610 1218 3681; x_wconf 81' lang='lat' dir='ltr'><strong>puciemiui</strong></span> <span class='ocrx_word' id='word_1_232' title='bbox 1236 3612 1285 3666; x_wconf 78' lang='lat' dir='ltr'><strong>A.</strong></span> <span class='ocrx_word' id='word_1_233' title='bbox 1317 3609 1423 3665; x_wconf 75' lang='lat' dir='ltr'><strong>Sinci·</strong></span> 
     </span>
     <span class='ocr_line' id='line_1_30' title="bbox 275 3697 1422 3769; baseline -0.002 -15"><span class='ocrx_word' id='word_1_234' title='bbox 275 3701 316 3754; x_wconf 86' lang='lat' dir='ltr'><strong>dil</strong></span> <span class='ocrx_word' id='word_1_235' title='bbox 334 3699 399 3753; x_wconf 71' lang='grc' dir='ltr'><strong>ΜΓ</strong></span> <span class='ocrx_word' id='word_1_236' title='bbox 450 3697 558 3769; x_wconf 83' lang='lat' dir='ltr'><strong>9quod</strong></span> <span class='ocrx_word' id='word_1_237' title='bbox 577 3698 638 3753; x_wconf 75' lang='lat' dir='ltr'><strong>edd.</strong></span> <span class='ocrx_word' id='word_1_238' title='bbox 653 3705 795 3768; x_wconf 68' lang='lat' dir='ltr'><strong>preclaro</strong></span> <span class='ocrx_word' id='word_1_239' title='bbox 866 3698 975 3754; x_wconf 77' lang='lat' dir='ltr'><strong>hebetis</strong></span> <span class='ocrx_word' id='word_1_240' title='bbox 994 3698 1021 3752; x_wconf 90' lang='lat' dir='ltr'><em>P</em></span> <span class='ocrx_word' id='word_1_241' title='bbox 1038 3698 1097 3755; x_wconf 75' lang='lat' dir='ltr'><strong>clici.</strong></span> <span class='ocrx_word' id='word_1_242' title='bbox 1177 3699 1318 3769; x_wconf 69' lang='lat' dir='ltr'><strong>ecclesiae]</strong></span> <span class='ocrx_word' id='word_1_243' title='bbox 1336 3697 1422 3753; x_wconf 88' lang='lat' dir='ltr'><strong>eecle-</strong></span> 
     </span>
     <span class='ocr_line' id='line_1_31' title="bbox 274 3774 1423 3858; baseline -0.004 -13"><span class='ocrx_word' id='word_1_244' title='bbox 274 3792 330 3845; x_wconf 67' lang='lat' dir='ltr'><strong>arae</strong></span> <span class='ocrx_word' id='word_1_245' title='bbox 350 3788 501 3844; x_wconf 68' lang='lat' dir='ltr'><strong>mononem</strong></span> <span class='ocrx_word' id='word_1_246' title='bbox 519 3788 547 3841; x_wconf 82' lang='lat' dir='ltr'><strong><em>P</em></strong></span> <span class='ocrx_word' id='word_1_247' title='bbox 562 3788 624 3843; x_wconf 69' lang='lat' dir='ltr'><strong>suc.</strong></span> <span class='ocrx_word' id='word_1_248' title='bbox 699 3790 732 3844; x_wconf 88' lang='lat' dir='ltr'><strong>ro</strong></span> <span class='ocrx_word' id='word_1_249' title='bbox 752 3787 785 3842; x_wconf 75' lang='lat' dir='ltr'><strong>ab</strong></span> <span class='ocrx_word' id='word_1_250' title='bbox 804 3788 856 3858; x_wconf 70' lang='lat' dir='ltr'><strong>ils]</strong></span> <span class='ocrx_word' id='word_1_251' title='bbox 876 3787 947 3842; x_wconf 75' lang='grc' dir='ltr'>ιιιιι</span> <span class='ocrx_word' id='word_1_252' title='bbox 965 3789 993 3842; x_wconf 81' lang='lat' dir='ltr'><em>A</em></span> <span class='ocrx_word' id='word_1_253' title='bbox 1066 3788 1097 3842; x_wconf 94' lang='grc' dir='ltr'><strong>ιι</strong></span> <span class='ocrx_word' id='word_1_254' title='bbox 1119 3778 1342 3842; x_wconf 59' lang='lat' dir='ltr'><strong>assumseram</strong></span> <span class='ocrx_word' id='word_1_255' title='bbox 1360 3774 1423 3841; x_wconf 72' lang='grc' dir='ltr'><strong>ιιι</strong></span> 
     </span>
     <span class='ocr_line' id='line_1_32' title="bbox 276 3874 1423 3945; baseline -0.003 -14"><span class='ocrx_word' id='word_1_256' title='bbox 276 3874 430 3931; x_wconf 82' lang='lat' dir='ltr'><strong>llmoncri</strong></span> <span class='ocrx_word' id='word_1_257' title='bbox 449 3875 696 3942; x_wconf 67' lang='lat' dir='ltr'><strong>cetrenouurim</strong></span> <span class='ocrx_word' id='word_1_258' title='bbox 752 3878 785 3932; x_wconf 79' lang='grc'><strong>16</strong></span> <span class='ocrx_word' id='word_1_259' title='bbox 804 3877 980 3931; x_wconf 88' lang='lat' dir='ltr'><strong>cumciericos</strong></span> <span class='ocrx_word' id='word_1_260' title='bbox 997 3880 1022 3931; x_wconf 73' lang='lat'><strong>,1</strong></span> <span class='ocrx_word' id='word_1_261' title='bbox 1079 3877 1110 3929; x_wconf 83' lang='lat' dir='ltr'><strong>ll</strong></span> <span class='ocrx_word' id='word_1_262' title='bbox 1131 3874 1280 3945; x_wconf 66' lang='lat' dir='ltr'><strong>etennP</strong></span> <span class='ocrx_word' id='word_1_263' title='bbox 1332 3876 1365 3929; x_wconf 77' lang='lat'><strong>18</strong></span> <span class='ocrx_word' id='word_1_264' title='bbox 1379 3875 1423 3928; x_wconf 82' lang='lat' dir='ltr'><strong>iu·</strong></span> 
     </span>
     <span class='ocr_line' id='line_1_33' title="bbox 274 3962 1424 4034; baseline -0.001 -16"><span class='ocrx_word' id='word_1_265' title='bbox 274 3965 406 4018; x_wconf 79' lang='lat' dir='ltr'><strong>fluxerunt</strong></span> <span class='ocrx_word' id='word_1_266' title='bbox 423 3963 461 4017; x_wconf 89' lang='lat' dir='ltr'><strong><em>M</em></strong></span> <span class='ocrx_word' id='word_1_267' title='bbox 524 3965 556 4019; x_wconf 84' lang='lat'><strong>19</strong></span> <span class='ocrx_word' id='word_1_268' title='bbox 576 3981 638 4034; x_wconf 82' lang='lat' dir='ltr'><strong>qun.</strong></span> <span class='ocrx_word' id='word_1_269' title='bbox 657 3968 723 4019; x_wconf 66' lang='grc' dir='ltr'><em>Μ</em></span> <span class='ocrx_word' id='word_1_270' title='bbox 740 3965 805 4033; x_wconf 84' lang='lat' dir='ltr'><strong>quin</strong></span> <span class='ocrx_word' id='word_1_271' title='bbox 822 3964 859 4018; x_wconf 88' lang='lat' dir='ltr'><strong><em>M</em></strong></span> <span class='ocrx_word' id='word_1_272' title='bbox 917 3964 953 4018; x_wconf 81' lang='lat'><strong>22</strong></span> <span class='ocrx_word' id='word_1_273' title='bbox 971 3965 1140 4019; x_wconf 68' lang='lat' dir='ltr'><strong>uoluotetum</strong></span> <span class='ocrx_word' id='word_1_274' title='bbox 1159 3963 1188 4018; x_wconf 90' lang='lat' dir='ltr'><strong><em>P</em></strong></span> <span class='ocrx_word' id='word_1_275' title='bbox 1203 3962 1375 4018; x_wconf 76' lang='lat' dir='ltr'><strong>uoluntutum</strong></span> <span class='ocrx_word' id='word_1_276' title='bbox 1392 3966 1424 4034; x_wconf 89' lang='lat' dir='ltr'><strong>(n</strong></span> 
     </span>
     <span class='ocr_line' id='line_1_34' title="bbox 274 4050 1426 4121; baseline 0.002 -18"><span class='ocrx_word' id='word_1_277' title='bbox 274 4058 346 4120; x_wconf 70' lang='lat' dir='ltr'><strong>emp.)</strong></span> <span class='ocrx_word' id='word_1_278' title='bbox 364 4050 395 4104; x_wconf 80' lang='lat' dir='ltr'><em>F</em></span> <span class='ocrx_word' id='word_1_279' title='bbox 412 4051 582 4121; x_wconf 74' lang='lat' dir='ltr'><strong>uoluptatum</strong></span> <span class='ocrx_word' id='word_1_280' title='bbox 601 4052 638 4106; x_wconf 94' lang='lat' dir='ltr'><strong><em>M</em></strong></span> <span class='ocrx_word' id='word_1_281' title='bbox 718 4051 792 4107; x_wconf 84' lang='lat' dir='ltr'><strong>budc</strong></span> <span class='ocrx_word' id='word_1_282' title='bbox 811 4052 943 4107; x_wconf 81' lang='lat' dir='ltr'><strong>uestitum</strong></span> <span class='ocrx_word' id='word_1_283' title='bbox 963 4053 994 4105; x_wconf 78' lang='lat' dir='ltr'><strong>in</strong></span> <span class='ocrx_word' id='word_1_284' title='bbox 1009 4051 1069 4121; x_wconf 77' lang='lat' dir='ltr'><strong>fine</strong></span> <span class='ocrx_word' id='word_1_285' title='bbox 1086 4069 1114 4106; x_wconf 79' lang='lat' dir='ltr'><strong>u.</strong></span> <span class='ocrx_word' id='word_1_286' title='bbox 1133 4068 1185 4107; x_wconf 78' lang='lat' dir='ltr'><strong>ono.</strong></span> <span class='ocrx_word' id='word_1_287' title='bbox 1205 4054 1232 4106; x_wconf 71' lang='lat' dir='ltr'><em>A</em></span> <span class='ocrx_word' id='word_1_288' title='bbox 1304 4051 1339 4106; x_wconf 74' lang='lat'><strong>23</strong></span> <span class='ocrx_word' id='word_1_289' title='bbox 1358 4056 1426 4105; x_wconf 68' lang='lat' dir='ltr'><strong>aule</strong></span> 
     </span>
     <span class='ocr_line' id='line_1_35' title="bbox 275 4138 1424 4213; baseline 0 -20"><span class='ocrx_word' id='word_1_290' title='bbox 275 4139 416 4194; x_wconf 89' lang='lat' dir='ltr'><strong>ridendum</strong></span> <span class='ocrx_word' id='word_1_291' title='bbox 433 4155 491 4198; x_wconf 83' lang='lat' dir='ltr'><strong>roe.</strong></span> <span class='ocrx_word' id='word_1_292' title='bbox 510 4144 586 4196; x_wconf 80' lang='lat' dir='ltr'><strong>2-e</strong></span> <span class='ocrx_word' id='word_1_293' title='bbox 606 4141 623 4198; x_wconf 83' lang='lat' dir='ltr'><strong>l.</strong></span> <span class='ocrx_word' id='word_1_294' title='bbox 643 4140 674 4195; x_wconf 85' lang='lat' dir='ltr'><em>F</em></span> <span class='ocrx_word' id='word_1_295' title='bbox 752 4142 788 4195; x_wconf 91' lang='lat' dir='ltr'><strong>im</strong></span> <span class='ocrx_word' id='word_1_296' title='bbox 808 4157 909 4213; x_wconf 76' lang='lat' dir='ltr'><strong>pompe</strong></span> <span class='ocrx_word' id='word_1_297' title='bbox 925 4140 954 4195; x_wconf 81' lang='grc' dir='ltr'><em>Ρ</em></span> <span class='ocrx_word' id='word_1_298' title='bbox 1045 4142 1080 4196; x_wconf 78' lang='lat'><strong>24</strong></span> <span class='ocrx_word' id='word_1_299' title='bbox 1098 4157 1151 4212; x_wconf 83' lang='lat' dir='ltr'><strong>qno</strong></span> <span class='ocrx_word' id='word_1_300' title='bbox 1171 4158 1222 4196; x_wconf 80' lang='lat' dir='ltr'><strong>orn.</strong></span> <span class='ocrx_word' id='word_1_301' title='bbox 1242 4140 1269 4193; x_wconf 76' lang='lat' dir='ltr'><em>A</em></span> <span class='ocrx_word' id='word_1_302' title='bbox 1354 4138 1424 4193; x_wconf 87' lang='lat' dir='ltr'><strong>duo·</strong></span> 
     </span>
     <span class='ocr_line' id='line_1_36' title="bbox 275 4227 1346 4285; baseline -0.001 -3"><span class='ocrx_word' id='word_1_303' title='bbox 275 4229 360 4283; x_wconf 63' lang='lat' dir='ltr'><strong>«lecim</strong></span> <span class='ocrx_word' id='word_1_304' title='bbox 380 4228 440 4282; x_wconf 76' lang='lat' dir='ltr'><strong>edri.</strong></span> <span class='ocrx_word' id='word_1_305' title='bbox 515 4229 682 4284; x_wconf 73' lang='lat' dir='ltr'><strong>demiserunt</strong></span> <span class='ocrx_word' id='word_1_306' title='bbox 699 4228 730 4285; x_wconf 83' lang='lat' dir='ltr'><strong><em>F</em></strong></span> <span class='ocrx_word' id='word_1_307' title='bbox 781 4232 815 4284; x_wconf 84' lang='lat'><strong>25</strong></span> <span class='ocrx_word' id='word_1_308' title='bbox 835 4234 987 4284; x_wconf 76' lang='lat' dir='ltr'><strong>nostrorum</strong></span> <span class='ocrx_word' id='word_1_309' title='bbox 1010 4232 1035 4283; x_wconf 76' lang='lat' dir='ltr'><em>A</em></span> <span class='ocrx_word' id='word_1_310' title='bbox 1106 4227 1301 4283; x_wconf 85' lang='lat' dir='ltr'><strong>Proculeinuus</strong></span> <span class='ocrx_word' id='word_1_311' title='bbox 1319 4244 1346 4281; x_wconf 86' lang='grc' dir='ltr'><strong>ιιι</strong></span> 
     </span>
    </p>
   </div>
   <div class='ocr_carea' id='block_1_5' title="bbox 0 0 1667 4867">
    <p class='ocr_par' dir='ltr' id='par_1_6' title="bbox 0 0 1667 4867">
     <span class='ocr_line' id='line_1_37' title="bbox 0 0 1667 4867; baseline 0 0"><span class='ocrx_word' id='word_1_312' title='bbox 0 0 1667 4867; x_wconf 95' lang='lat' dir='ltr'><strong> </strong></span> 
     </span>
    </p>
   </div>
  </div>
 </body>
</html>
