3309 4867
288 357 353 421 462
661 355 689 408 S.
718 353 855 409 Aureli
883 352 1101 425 Augustini

288 549 497 631 superabatur
527 546 691 631 exemplis.
723 565 795 612 nam
826 546 929 629 primo
963 545 1040 612 mihi
1073 546 1289 631 opponebatur
1319 548 1438 613 ciuitas

289 674 369 733 mea,
409 673 490 737 quse
526 671 597 719 cum
635 654 704 718 tota
740 657 826 717 esset
863 652 895 716 in
927 656 1016 735 parte
1047 651 1175 718 Donati.
1209 651 1248 718 ad
1281 652 1439 718 unitatem

288 759 478 826 catholicam
494 759 604 846 legum
623 758 838 842 imperialium
856 758 970 824 timore
989 776 1142 823 conuersa
1161 760 1220 833 est,
1241 777 1335 842 quam
1353 778 1440 825 nuno

288 866 436 932 uidemus
466 867 514 931 ita
543 865 640 931 huius
672 868 796 930 ueebae
828 864 1040 930 animositatis
1073 865 1243 948 perniciem
1275 865 1438 943 detestari,

291 975 327 1037 ut
357 972 389 1037 in
423 991 461 1038 ea
494 990 667 1056 numquam
695 971 795 1037 luisse
823 970 983 1047 credatur;
1016 971 1063 1037 ita
1090 971 1170 1037 aliae
1196 972 1328 1050 multae,
1356 991 1439 1056 quae
1471 997 1488 1036 s

289 1078 382 1163 mihi„
392 1078 577 1145 nominatim
601 1066 941 1155 commemorabantur,
960 1081 998 1143 ut
1019 1077 1099 1161 ipsis
1117 1078 1214 1144 rebus
1234 1097 1439 1164 agnoscerem

289 1184 385 1251 etiam
408 1185 440 1250 in
465 1184 525 1250 hac
547 1204 645 1251 cauea
666 1186 751 1250 recte
776 1183 920 1269 intellegi
944 1202 1050 1268 posse,
1074 1184 1160 1268 quod
1188 1185 1345 1268 scriptum
1372 1168 1437 1251 eet:

289 1290 346 1356 Da
379 1291 561 1376 sapienti
593 1290 852 1357 occasionem
885 1293 925 1357 et
956 1290 1188 1375 sapientior
1219 1292 1309 1358 erit
1342 1310 1438 1376 qnam

290 1397 382 1464 multi
415 1398 509 1475 enim,
538 1397 624 1482 quod
651 1400 737 1463 certo
770 1396 902 1473 eoimns,
928 1395 996 1461 iam
1018 1396 1172 1463 uolebant
1194 1384 1266 1463 isse
1289 1395 1438 1463 catholici

291 1503 552 1575 manifestissima
574 1504 709 1573 uerimte
734 1503 885 1568 commoti
909 1505 942 1568 et
964 1501 1169 1568 offensionem
1192 1522 1323 1571 suorum
1350 1522 1438 1568 rene·
1454 1532 1484 1569 ιο

290 1609 386 1676 nendo
424 1610 541 1676 cotidie
578 1608 777 1675 differebant!
814 1628 911 1691 quam
946 1610 1065 1675 multos
1103 1627 1164 1674 non
1205 1610 1336 1689 ueritas,
1374 1629 1440 1694 qua

292 1734 465 1800 numquam
492 1715 765 1799 praesumpsistis,
794 1715 850 1780 sed
880 1714 1053 1781 obduratae
1077 1716 1318 1782 consuetudinis
1341 1735 1439 1800 mane
1538 1785 1544 1796 ‚

292 1821 456 1888 uinculum
489 1822 680 1907 contigebat
714 1825 752 1887 ιιι
782 1821 814 1886 in
843 1822 889 1887 eis
917 1816 1131 1905 compleretur
1157 1821 1266 1888 diuina
1291 1823 1348 1888 illa
1369 1842 1439 1889 sen·

291 1929 406 1995 tantia:
438 1929 585 1995 Verbis
616 1949 690 1995 non
723 1927 1012 1995 emendabitur
1042 1947 1190 1995 seruus
1223 1928 1365 2007 durus3
1404 1931 1439 1994 si

293 2035 395 2101 enim
419 2038 460 2101 et
482 2034 756 2114 intellexerit,
781 2054 856 2100 non
880 2035 1091 2101 oboediet!
1116 2055 1212 2120 quam
1235 2036 1330 2101 multi
1347 2054 1440 2120 prop·
1462 2062 1487 2101 n

292 2142 378 2205 terea
412 2140 569 2223 putabant
598 2160 708 2207 ueram
740 2141 908 2207 ecclesiam
945 2161 1017 2207 esse
1051 2145 1173 2226 partem
1204 2142 1334 2221 Donati,
1366 2143 1441 2226 quia

293 2264 348 2311 eos
370 2245 412 2311 sd
433 2247 686 2332 cognoscendam
709 2247 900 2313 catholicam
921 2247 1091 2314 ueritatem
1112 2248 1270 2315 securitas
1288 2248 1441 2332 torpidos,

292 2351 478 2419 fastidiosos
509 2354 681 2439 pigrosque
712 2352 862 2419 faciebat!
897 2372 991 2439 qnam
1019 2354 1130 2421 multis
1157 2354 1280 2421 aditum
1303 2355 1440 2421 intrandi

292 2458 481 2525 obserabant
511 2479 653 2526 rumores
687 2459 925 2537 maledicorum,
956 2460 1009 2545 qui
1037 2461 1145 2527 nescio
1174 2461 1250 2545 quid
1274 2460 1361 2526 aliud
1383 2480 1441 2527 nos

196 2644 198 2648 Α
291 2564 322 2629 in
356 2565 468 2630 altare·
485 2566 537 2631 dei
569 2584 684 2650 ponere
711 2566 913 2631 iactitabant!
942 2586 1038 2648 quam
1065 2567 1161 2632 multi
1184 2566 1264 2632 nibil
1287 2567 1441 2633 interesse
1461 2594 1489 2633 eo

292 2670 468 2749 credentes,
488 2671 528 2736 in
557 2691 620 2756 qua
647 2672 783 2756 quisque
810 2675 900 2757 parte
924 2671 1125 2739 christianus
1149 2674 1202 2751 sit,
1225 2673 1298 2740 ideo
1320 2693 1442 2757 perma-

292 2777 408 2842 nebant
444 2777 475 2842 in
513 2782 601 2862 parte
637 2778 766 2847 Donati.
786 2778 880 2876 ‚quia
915 2778 961 2843 ibi
998 2778 1064 2844 nati
1097 2783 1186 2845 amnt
1217 2783 1251 2851 el
1281 2799 1336 2844 eos
1367 2778 1441 2844 inde

293 2882 454 2950 discedere
478 2890 572 2969 atque
595 2883 636 2950 ad
658 2885 849 2950 catholicam
872 2885 1006 2951 transire
1028 2904 1120 2951 neruo
1145 2886 1294 2972 cogebat!
1307 2904 1325 2928 r

241 2982 282 3046 18
324 2972 397 3054 'His
429 2991 578 3056 omnibus
610 2991 723 3057 herum
756 2992 864 3075 legum
900 2996 1011 3066 terror,
1049 2993 1166 3076 quibus
1202 2991 1441 3076 promulgandis

293 3115 383 3180 reges
416 3096 542 3164 domino
575 3097 721 3163 seruiunt
752 3098 784 3161 iu
815 3098 941 3175 timore,
973 3098 1020 3163 ita
1051 3098 1180 3179 proluit
1212 3102 1250 3163 ιιι
1277 3116 1360 3163 nuno
1387 3098 1441 3201 alii
1463 3123 1491 3165 ss

382 3322 398 3376 8
417 3322 498 3377 Prou.
516 3325 543 3379 9.
561 3324 579 3378 9
636 3324 669 3378 ll
687 3322 768 3376 Prou.
787 3322 832 3387 29,
853 3322 886 3376 19
940 3324 975 3376 25
993 3321 1038 3377 Ps.
1058 3325 1084 3389 2,
1105 3325 1135 3377 11

331 3447 507 3516 isuperatur
524 3445 552 3501 R
624 3445 812 3516 opponebatur
830 3446 898 3500 mihi
917 3445 944 3501 L
998 3447 1131 3501 dtimore
1149 3447 1242 3518 legum
1261 3448 1440 3518 imperialium

293 3533 354 3589 edd.
418 3533 588 3603 imperalium
597 3533 688 3588 ΜΑΡ
740 3537 825 3589 5non
840 3534 1249 3613 unquarnmorrmunquamlq
1308 3535 1441 3605 multum

187 3695 190 3703 ι
294 3620 405 3674 mihis
478 3620 682 3676 Soceasionem
701 3622 819 3693 sapienti
837 3620 865 3676 R
940 3624 973 3679 10
992 3624 1031 3693 et]
1051 3622 1100 3679 sed
1118 3624 1152 3678 N
1222 3627 1252 3680 ll
1273 3624 1398 3682 ueritatis
1417 3624 1444 3679 L

331 3708 394 3779 qua]
413 3709 443 3763 in
462 3726 541 3779 quarn
561 3708 587 3763 L
604 3709 633 3763 in
652 3726 707 3779 qua
724 3710 753 3764 P
768 3709 828 3767 edd.
901 3712 934 3766 12
952 3728 1006 3766 non
1025 3729 1152 3783 unquam,
1171 3729 1240 3769 corr.
1260 3728 1397 3782 nunqnam
1416 3713 1443 3767 L
1543 3726 1550 3743 ·

330 3797 521 3868 presumpsisti
538 3797 566 3854 R
631 3799 664 3853 le
682 3798 819 3869 religabat
837 3799 868 3852 N
942 3800 989 3854 ille
1007 3800 1101 3855 diuina
1117 3801 1172 3857 PR
1234 3802 1267 3856 15
1286 3802 1325 3872 et]
1345 3801 1444 3856 nonL

331 3885 466 3957 putabant
483 3888 671 3958 proptereaL
763 3889 795 3942 11
815 3904 847 3942 eo
866 3889 894 3942 A
971 3888 1096 3960 torpidos
1114 3889 1175 3945 ΜΔ
1268 3890 1301 3945 18
1318 3889 1397 3945 multi
1416 3891 1444 3946 R

298 3977 329 4028 19
349 3973 532 4029 obseruabant
554 3974 577 4029 0
682 3992 740 4043 nea,
760 3992 828 4031 corr.
848 3976 954 4043 (mlii)
979 3978 1070 4031 nescio
1089 3978 1126 4032 Μ
1249 3978 1277 4033 in
1296 3978 1380 4032 altare
1400 3977 1444 4032 dei

295 4080 344 4117 nos
363 4062 390 4117 R
443 4065 475 4117 21
497 4064 584 4119 utre
635 4065 670 4119 23
689 4063 792 4119 discere
810 4066 838 4119 A
910 4066 945 4120 ad
963 4067 1015 4122 oris.
1034 4067 1061 4120 A
1133 4067 1308 4136 catholicam]
1328 4066 1445 4121 catholi-

296 4168 354 4205 cam
373 4150 453 4206 fldem
468 4152 497 4207 It
569 4170 647 4209 neruo
666 4154 783 4208 transire
802 4153 862 4209 edd.
918 4155 953 4209 24
972 4154 1175 4225 permulgandis
1188 4156 1214 4208 A
1268 4156 1303 4208 25
1321 4155 1448 4210 seruiunt

296 4238 405 4310 domiuo
425 4242 477 4296 PL
496 4240 557 4297 edd.
