3309 4867
330 2529 402 2585 Χῖ

406 821 483 881 12³

443 2531 523 2585 flii

530 411 658 479 190
1233 414 1287 468 8.
1342 410 1616 468 Aureli
1669 410 2107 481 Augustini

535 604 908 669 ifwmebat.
980 603 1243 687 proinde
1318 604 1698 669 admonetur
1765 602 1831 668 in
1893 601 2173 686 psalmo:
2248 602 2685 668 Delectare
2748 603 2825 670 in

535 713 848 776 *lumino
896 715 976 775 et
1021 710 1254 777 dabit
1296 710 1452 776 tibi
1496 709 1956 794 petitiones
2002 708 2273 776 cordis
2322 710 2467 775 tui.
2807 705 2816 715 ’

627 817 826 893 Quia
898 834 1047 902 ergo
1123 817 1428 883 caritas
1496 814 1623 883 dei
1690 812 2008 880 diffusa
2088 818 2216 880 est
2283 815 2362 881 in
2439 816 2824 882 cordibus

539 925 840 988 nostris
886 923 1459 1006 perspiritum
1509 925 1900 1001 sanctum,
1940 921 2078 1005 qni
2123 921 2360 988 datus
2402 925 2531 989 est
2563 923 2825 1000 nobis,

539 1033 671 1093 itlsu
723 1029 1136 1095 sanctificatio
1170 1030 1237 1095 in
1277 1030 1551 1115 septimo
1590 1028 1695 1093 die
1732 1031 2227 1094 commemorata
2264 1031 2384 1108 est,
2423 1029 2536 1094 ubi
2571 1029 2825 1113 requies
2889 1051 2918 1092 s

539 1135 1032 1202 mmrnendatm.
1109 1135 1258 1220 quia
1329 1155 1480 1214 uero
1553 1154 1670 1201 nec
1742 1134 1901 1201 bene
1976 1134 2218 1220 operari
2290 1154 2636 1219 possumus
2703 1135 2828 1201 nisi

539 1245 695 1301 siuns·
755 1240 890 1308 eius
953 1243 1179 1322 adiuti,
1244 1244 1416 1308 sicut
1480 1242 1812 1324 apostolus
1878 1240 2067 1324 dicit:
2133 1241 2349 1310 Deus
2416 1241 2621 1307 enim
2688 1245 2829 1322 est,
2930 1330 2935 1335 .

539 1353 667 1425 qni
723 1355 1124 1433 speratur,
1157 1348 1233 1414 in
1279 1349 1520 1414 uobis
1567 1351 1648 1413 et
1694 1348 1913 1414 uelle
1962 1351 2034 1412 et
2081 1347 2402 1432 operari
2448 1367 2588 1431 pro
2626 1347 2832 1413 bona

543 1477 571 1513 as
602 1457 663 1517 n]
691 1457 989 1534 nutate,
1078 1474 1195 1521 nec
1265 1454 1663 1539 requiescere
1734 1455 2089 1537 poterimus
2160 1459 2310 1538 post
2383 1453 2597 1519 omnia
2665 1453 2832 1519 bona

543 1581 723 1641 „psam
791 1564 1024 1647 nostra,
1090 1580 1249 1644 quae
1312 1560 1376 1625 in
1442 1561 1560 1626 hac
1623 1559 1762 1626 uita
1818 1559 2124 1644 gerimus,
2180 1559 2307 1626 nisi
2351 1561 2491 1626 eius
2541 1559 2703 1624 dono
2752 1560 2832 1623 ad
2868 1585 2925 1626 no

543 1665 974 1730 ;=÷·‡·-=··†1itatem
1022 1666 1402 1732 sanctificati
1449 1671 1642 1750 atque
1689 1665 1979 1750 perfecti,
2026 1668 2361 1750 propterea
2405 1666 2481 1730 de
2528 1665 2666 1749 ipso
2716 1664 2831 1731 deo

543 1773 791 1849 *ha-uitur,
856 1773 1025 1856 quia,
1092 1792 1233 1839 cum
1307 1774 1569 1839 fecisset
1641 1773 1905 1838 omnia
1976 1792 2219 1857 opera
2289 1772 2499 1838 bona
2570 1772 2832 1837 ualde,

547 1881 890 1957 „unq-dimo
957 1878 1086 1943 die
1145 1879 1579 1964 requieuit
1624 1880 1713 1944 ab
1773 1878 2144 1945 omnibus
2201 1877 2587 1961 operibus
2636 1878 2831 1955 suiS,

543 2013 575 2065 ⁴!
603 2009 631 2045 η
659 2005 683 2045 ;·ι
711 2005 739 2049 e
803 1984 1027 2050 fecit.
1092 1985 1374 2053 futuram
1429 1987 1603 2051 enim
1646 1985 1932 2069 requiem
1981 1984 2404 2069 significabat,
2452 2004 2640 2069 quam
2686 1987 2836 2068 post

547 2097 699 2150 hur-m
771 2110 959 2172 opera
1028 2091 1292 2157 daturus
1357 2094 1498 2157 erat
1560 2088 1948 2157 hominibus.
2014 2091 2186 2158 sicut
2238 2091 2427 2169 enim,
2483 2110 2629 2156 cum
2674 2091 2834 2155 bene
2873 2115 2925 2157 ιε,

547 2216 889 2277 usu-ramur,
949 2197 1088 2280 ipse
1145 2197 1379 2269 dicitnr
1432 2198 1676 2281 operari
1729 2197 1794 2263 in
1849 2196 2057 2275 nobis,
2112 2196 2296 2263 cuius
2351 2217 2611 2263 munere
2672 2197 2835 2262 bene

543 2322 892 2381 opst-amur,
938 2303 1049 2381 ita,
1097 2322 1244 2369 cum
1289 2303 1772 2389 requiescimus,
1810 2305 1953 2388 ipse
1992 2303 2385 2387 requiescere
2422 2303 2673 2382 dicitur,
2710 2322 2835 2387 quo

547 2413 619 2473 *ln
635 2433 663 2473 n
675 2433 699 2469 ÷=
715 2417 812 2474 nte
844 2410 1342 2494 requiescimus,

647 2521 800 2581 Minu
856 2521 977 2595 est,
1041 2517 1210 2600 quod
1257 2517 1446 2582 etiam
1494 2517 1558 2581 in
1605 2516 1811 2581 tribus
1858 2516 2081 2601 primis
2127 2516 2481 2601 praeceptis
2528 2516 2836 2601 decalogi,

551 2645 703 2705 qun
755 2623 832 2687 ad
878 2623 1069 2689 deum
1117 2623 1431 2709 pertinent
1476 2660 1564 2670 -—·
1610 2627 1819 2688 cetera
1863 2621 2030 2687 enim
2078 2626 2321 2708 septem
2370 2623 2448 2688 ad
2485 2622 2833 2707 proximum
2874 2650 2927 2692 zo

551 2733 879 2809 pertinent,
921 2730 986 2794 id
1026 2734 1127 2795 est
1171 2731 1250 2795 ad
1294 2730 1638 2807 hominem,
1689 2729 1838 2813 quia
1881 2727 1958 2793 in
2009 2728 2321 2795 duobus
2370 2729 2836 2813 praeceptis

555 2845 719 2897 {um
791 2836 911 2900 lex
976 2836 1274 2920 pendet
1317 2874 1426 2916 -,
1474 2836 1737 2901 tertium
1791 2835 1880 2900 ibi
1946 2835 2022 2901 de
2087 2835 2526 2902 obseruatione
2589 2835 2841 2901 sabbati

555 2945 829 3021 lamium
887 2945 1007 3019 est,
1065 2947 1137 3007 ut
1181 2943 1245 3008 in
1294 2942 1498 3026 primo
1544 2944 1883 3026 praecepto
1928 2946 2174 3024 patrem
2217 2942 2682 3027 intellegamus,
2729 2941 2840 3007 ubi

555 3049 917 3125 praemietur
979 3049 1105 3114 coli
1167 3050 1382 3133 aliqua
1434 3048 1498 3113 in
1555 3048 1875 3133 figmentis
1931 3047 2259 3114 homiuum
2316 3047 2417 3113 dei
2466 3047 2839 3127 similitudo,

735 3293 755 3343 l
797 3290 885 3345 Ps.
925 3292 1014 3355 36,
1050 3294 1086 3346 4
1194 3294 1228 3347 3
1263 3292 1417 3347 Rom.
1458 3295 1509 3354 5.
1547 3292 1581 3346 5
1693 3291 1725 3343 7
1761 3290 1903 3346 Phil.
1943 3292 1996 3354 2,
2037 3291 2105 3346 13
2217 3292 2283 3345 12
2320 3288 2460 3346 Gen.
2501 3292 2549 3352 1,
2584 3290 2686 3354 313
2726 3290 2776 3353 2.
2805 3290 2846 3344 2
2881 3352 2886 3357 .

555 3385 607 3429 ξ’]
663 3379 852 3433 imin.
890 3380 979 3443 22,
1016 3382 1089 3434 40

635 3509 643 3553 1
699 3502 836 3565 qnod
871 3502 999 3558 inde
1041 3502 1206 3574 (qnod
1243 3504 1345 3559 del.
1382 3522 1451 3559 m.
1475 3507 1535 3567 2)
1576 3503 1641 3557 K
1818 3503 2223 3558 admonstratnr
2259 3503 2314 3557 Β
2494 3502 2751 3556 dilectare
2787 3500 2846 3554 B

627 3593 939 3657 Jvationem
965 3593 1072 3646 PB
1146 3595 1180 3649 3
1218 3593 1304 3647 dei
1340 3605 1443 3648 om.
1474 3592 1531 3647 P
1599 3594 1629 3647 7
1669 3593 1835 3663 sicut]
1874 3593 2018 3648 sicut
2055 3592 2197 3647 enim
2227 3591 2284 3646 B
2392 3590 2529 3645 dicit
2563 3590 2843 3662 apostolus

555 3685 659 3733 suh-ff
787 3682 925 3735 euim
962 3698 1065 3736 om.
1097 3682 1152 3736 B
1223 3682 1257 3735 8
1286 3682 1441 3737 uobis
1484 3684 1539 3747 (n
1574 3681 1641 3735 in
1674 3697 1789 3736 ras.
1828 3698 1897 3736 m.
1919 3681 1973 3753 1)
2008 3681 2067 3736 Β
2101 3680 2257 3735 nobis
2283 3679 2351 3734 K
2457 3684 2515 3734 et
2543 3685 2675 3734 ante
2699 3678 2843 3733 uelle

555 3793 635 3821 mu
663 3813 671 3825 Ἰ
707 3789 767 3821 m.
793 3775 820 3822 1
857 3770 988 3827 add.
1017 3757 1108 3824 ΡΥ
1166 3773 1199 3826 9
1236 3770 1511 3825 uoluntati
1540 3768 1605 3824 K
1708 3768 1854 3824 bona
1889 3786 1995 3824 on.
2028 3771 2079 3821 B
2188 3769 2332 3823 bona
2367 3772 2553 3822 nostra
2590 3784 2755 3838 opera
2781 3767 2848 3820 K

559 3881 715 3925 *quam
755 3862 939 3913 nostra
974 3859 1120 3914 bona
1157 3858 1374 3914 P¹P²M
1512 3860 1572 3913 11
1614 3859 1849 3928 porrecti
1887 3857 2115 3913 P¹P²M
2237 3859 2303 3912 12
2342 3856 2503 3912 ualde
2539 3856 2685 3910 bona
2718 3855 2839 3909 edd.

711 3947 858 4016 fflly.
971 3947 1037 4001 14
1075 3947 1363 4017 significat,
1401 3964 1468 4003 m.
1491 3951 1698 4000 lem-r.
1735 3945 2089 4015 significabat
2124 3945 2179 3999 B
2289 3947 2354 4000 15
2396 3948 2514 3999 erat
2547 3944 2706 3999 nobis
2742 3944 2842 3997 ho-

563 4041 791 4085 most-ua
827 4035 948 4090 edd.
1064 4038 1129 4090 19
1167 4036 1355 4105 etism]
1397 4038 1545 4089 esset
1569 4033 1637 4088 K
1740 4036 1812 4091 20
1849 4050 1956 4105 que
1993 4022 2047 4089 st
2084 4033 2152 4087 ad
2188 4034 2263 4088 M
2403 4032 2509 4097 dm,
2546 4050 2599 4087 m
2638 4036 2679 4087 2
2703 4047 2842 4087 corr.

559 4129 679 4173 flt'ffl'u
727 4125 775 4173 B
879 4123 1157 4194 pertinent
1192 4123 1480 4178 sabbatum
1517 4123 1744 4178 tertium
1779 4125 2000 4193 ponitur
2038 4126 2219 4176 cetera
2244 4120 2404 4177 P¹P²
2508 4123 2574 4177 21
2615 4123 2669 4176 iu
2710 4120 2842 4175 dno—

563 4217 655 4261 παι-τ
699 4229 815 4278 mm„
848 4212 947 4265 sed
977 4228 1154 4281 supra
1188 4230 1245 4268 α.
1285 4216 1374 4277 (m.
1399 4216 1426 4266 1
1446 4211 1497 4278 ?)
1535 4213 1594 4266 in
1631 4195 1713 4266 fs.
1749 4210 1807 4264 P
1946 4211 2017 4266 22
2051 4210 2246 4282 pendit
2282 4211 2335 4264 B
2504 4211 2750 4281 tertium]
2788 4215 2845 4265 et

567 4305 779 4353 :vni-astu
815 4299 1099 4354 PP¹P²M
1138 4304 1196 4355 et
1239 4302 1462 4356 tertium
1510 4316 1695 4358 eorum
1741 4303 1949 4366 (eorum
1994 4301 2136 4369 exp.)
2174 4298 2229 4352 Β
2408 4300 2477 4354 24
2516 4299 2618 4353 eon
2655 4317 2757 4358 om.
2794 4300 2851 4352 P

2985 1556 3001 1587 Ι

3017 1455 3055 1543 ἑ
