3309 4867
588 289 854 358 epistularum
883 286 974 342 CXXI.
1292 290 1355 353 739

201 482 244 547 de
272 482 374 565 ipsius
403 483 631 549 resurrectione
664 500 881 565 praesumere,
911 500 972 563 qua
1005 482 1233 548 subsecuturae
1258 482 1354 546 admi-
1384 553 1386 562 s

200 588 336 653 rationis
378 589 471 654 fidem
510 589 541 654 in
579 591 681 656 oculis
722 589 826 673 posita
862 588 1020 669 passionis
1057 607 1158 670 poena
1195 589 1353 662 caecabat,

202 695 353 777 quamuis
375 697 504 761 eandem
530 697 706 761 adstantem
727 697 812 762 cruci
838 715 914 760 suae
935 695 1080 761 domiuus
1105 714 1164 760 oon
1189 691 1353 761 morientis

200 800 386 867 infirmitate
421 804 580 887 trepidans
615 804 796 869 consolatus
830 804 883 878 sit,
917 803 972 869 sed
1006 804 1120 884 ipsam,
1150 821 1213 884 qua
1246 801 1355 866 obibat

163 935 177 974 s
201 907 326 985 uolens,
355 909 386 972 in
411 911 602 992 potestatem
635 910 753 974 habens
782 915 916 975 mortem
945 910 1038 992 piena
1066 909 1183 972 uirtute
1212 907 1351 972 uiuentis

203 1017 238 1077 et
255 1014 433 1079 constantia
455 1016 663 1081 resurrecturi
683 1016 721 1080 de
742 1036 834 1082 cruce
854 1016 1003 1081 admonet
1022 1014 1128 1079 dicens
1148 1014 1186 1078 de
1207 1015 1351 1096 apostolo

201 1119 295 1184 beato
329 1120 481 1187 Iohanne:
522 1122 684 1199 Mulier,
719 1143 811 1189 ecce
845 1123 965 1188 iilius
998 1125 1094 1188 tuus
1132 1123 1271 1202 itemque
1304 1119 1352 1183 illi

202 1225 322 1290 ibidem
341 1227 541 1293 consistenti:
563 1215 663 1294 Eece
682 1235 809 1295 mater
827 1235 906 1294 tua.
929 1230 993 1294 iam
1014 1229 1137 1294 scilicet
1156 1228 1194 1292 ab
1214 1227 1351 1291 humana

200 1333 384 1415 fragilitate,
424 1354 486 1417 qua
524 1341 591 1400 erat
626 1341 720 1400 uatus
753 1355 789 1401 ex
826 1336 952 1413 femina,
989 1356 1046 1419 per
1077 1336 1178 1399 crucis
1216 1321 1357 1398 mortem.

151 1437 381 1522 m'demigrans
408 1441 440 1505 in
469 1443 688 1506 aeternitatem
713 1443 773 1516 dei,
802 1447 951 1509 abesset
977 1442 1009 1507 iu
1037 1442 1139 1527 gloria
1162 1440 1212 1504 dei
1240 1439 1348 1523 patris.

201 1545 328 1630 delegat
358 1545 478 1612 homini
510 1549 580 1612 iura
609 1547 740 1630 pietatis
773 1549 928 1614 humanae
957 1551 990 1612 ot
1016 1567 1052 1612 er
1081 1543 1248 1629 discipulis
1282 1545 1348 1610 suis

199 1651 432 1744 adulescentior
455 1653 736 1719 adulescentiorern
762 1653 870 1738 elegit
899 1658 934 1720 ut
957 1653 1179 1719 conuenienter
1202 1651 1349 1736 adsignet

198 1758 315 1842 uirgini
352 1759 497 1841 apostolo
539 1759 696 1842 uirginem
737 1766 870 1824 matrem
908 1760 969 1825 duo
1010 1761 1132 1843 pariter*
1166 1759 1198 1822 in
1237 1756 1347 1821 eadem

198 1866 355 1930 sententia
382 1866 511 1943 docens,
539 1866 672 1931 formam
700 1866 829 1948 pietatis
858 1867 1037 1948 relinquens
1066 1864 1168 1937 nobis,
1197 1883 1269 1928 cum
1298 1865 1347 1926 est

148 1993 176 2032 a
198 1969 237 2034 de
264 1975 364 2037 matre
396 1972 567 2049 sollicitus,
596 1976 641 2050 ut,
676 1992 769 2055 quam
801 1973 1001 2055 relinquebat
1032 1990 1172 2056 corpore,
1206 1990 1265 2035 non
1298 1988 1345 2033 re·

196 2073 356 2158 linqueret
376 2095 451 2142 cura
470 2077 527 2141 sed
549 2096 606 2142 nec
630 2096 759 2161 corpore
783 2079 965 2158 relicturus,
989 2078 1074 2161 quia,
1098 2095 1192 2160 quern
1216 2075 1346 2139 uidebat
1400 2143 1404 2149 ,

196 2181 395 2247 morientem.
429 2202 500 2248 mox
533 2187 601 2250 erat
631 2185 750 2274 uisura
770 2185 963 2263 redimatur,
997 2188 1030 2251 et
1059 2183 1149 2261 illud,
1183 2181 1269 2266 qaod
1305 2179 1343 2244 ad

197 2286 292 2352 fidem
330 2290 471 2354 omnium
510 2287 690 2373 pertineret,
724 2292 923 2357 salutiferum
961 2291 1090 2376 pietatis
1127 2308 1204 2355 suae
1234 2271 1344 2354 'secra-

197 2396 339 2458 mentum
377 2414 489 2460 arcana
526 2396 627 2461 diuini
663 2398 783 2462 ratione
823 2399 947 2466 consilii
983 2399 1043 2463 sub
1080 2398 1139 2462 bac
1175 2389 1271 2460 uoce
1292 2393 1343 2458 de·

142 2528 173 2567 aa
196 2499 334 2583 signans,
367 2505 406 2565 ut
437 2506 469 2566 et
500 2503 555 2566 alii
587 2508 720 2568 matrem
753 2503 915 2590 delegaret
946 2524 1001 2587 pro
1033 2510 1132 2569 matre
1165 2498 1341 2588 habendam

293 2713 309 2764 7
329 2707 387 2766 lah,
409 2711 451 2774 19,
469 2709 576 2763 26-27

241 2834 365 2904 lipsius
388 2851 421 2889 ec
443 2850 511 2887 corr.
531 2831 640 2886 ΜΕ
663 2831 740 2901 ipsis,
758 2832 823 2883 aab*
841 2828 927 2899 ipsius
945 2825 978 2879 K
1084 2838 1145 2893 qua,
1164 2819 1230 2871 Μ
1253 2820 1307 2885 qua
1325 2813 1352 2866 P

204 2941 265 2994 qna,
284 2927 349 2981 m.2
368 2925 432 2993 quis
453 2923 478 2978 0
498 2924 562 2993 quia
585 2921 687 2976 Vedd.
760 2917 976 2986 subsecuturaA
1025 2911 1148 2969 semor·
1166 2907 1201 2962 Μ
1250 2907 1350 2959 lcon-

204 3012 318 3073 solatus.
341 3015 407 3068 m.2
430 3010 586 3066 consolatus
605 3011 631 3063 A
739 3009 799 3077 ipsa
816 3006 883 3061 Aa*
982 3004 998 3057 5
1017 3000 1121 3066 uolens,
1139 3000 1204 3055 οη.)
1227 2987 1307 3048 uerae
1324 2991 1350 3046 G

237 3104 402 3170 potestatem
420 3101 457 3168 (m
476 3101 542 3153 Μ
558 3097 623 3167 dal.)
641 3097 697 3151 PG
715 3099 852 3166 potestate
874 3092 952 3148 CVR
971 3090 1030 3146 edd.
1046 3094 1159 3159 praeter
1177 3103 1196 3140 a
1279 3083 1296 3136 6
1316 3079 1349 3134 de

203 3189 327 3259 apostolo
347 3189 463 3243 iohanne
482 3187 519 3241 Μ
536 3186 569 3240 de
588 3186 669 3241 beato
688 3185 805 3239 iohanne
825 3182 950 3253 apostolo
970 3180 997 3236 R
1016 3178 1050 3233 de
1067 3178 1147 3232 beato
1167 3172 1290 3245 apostolo
1304 3168 1349 3223 Io·

202 3279 292 3331 banne
312 3277 372 3331 edd.
439 3277 455 3330 9
474 3275 582 3342 lemine,
601 3290 670 3330 corr.
689 3277 750 3326 m.1
767 3271 870 3326 femina
887 3273 914 3324 A
985 3269 1105 3339 perducis
1125 3268 1210 3318 morte
1229 3263 1266 3324 in,
1284 3262 1351 3313 m.2

202 3382 251 3435 per
270 3366 354 3420 erucis
372 3364 530 3420 mortemG
622 3362 759 3433 lupatria
778 3360 1007 3429 deiciendam]
1028 3355 1142 3410 corr.G
1241 3351 1271 3404 11
1293 3348 1348 3402 suin

201 3453 413 3524 adulescentior]
433 3454 489 3508 suis
507 3453 710 3508 adulescentior
728 3450 783 3504 suis
801 3448 895 3503 Mae
918 3444 1114 3501 adolescentior
1131 3445 1188 3496 suia
1209 3440 1258 3496 ΟΡ
1276 3439 1350 3504 (m.2

202 3542 253 3596 det
275 3541 483 3611 adolescentior)
501 3542 557 3596 suis
574 3539 600 3594 V
616 3540 657 3605 (in
670 3555 757 3608 mare,
772 3539 842 3604 m.1)
856 3534 883 3589 R
902 3535 963 3590 edri.
1019 3533 1051 3586 12
1071 3530 1149 3599 eligit
1163 3527 1223 3581 edd.
1236 3525 1348 3580 Harae.

204 3633 236 3685 14
256 3630 356 3693 dicens,
376 3645 444 3685 corr.
464 3634 524 3682 nal
542 3628 640 3683 docens
662 3627 688 3683 G
760 3625 873 3696 pietatis
892 3640 961 3678 corr.
981 3638 1015 3676 ec
1032 3621 1148 3690 pietates
1164 3616 1195 3669 Κ
1267 3612 1347 3667 relin-

201 3745 402 3815 quendam
476 3709 591 3823 raia
666 3743 848 3812 rccura(-
868 3741 977 3804 mus
1046 3732 1346 3805 posueram.

200 3851 230 3888 re
249 3834 314 3888 add.
336 3834 372 3889 G·
452 3833 579 3888 relictura
593 3832 708 3886 MAOP
727 3836 803 3896 (Μ
821 3831 963 3885 relicturus
982 3832 1007 3880 et
1025 3841 1112 3894 supra
1130 3822 1143 3875 1
1163 3821 1259 3874 relicta
1277 3817 1290 3870 1
1307 3833 1348 3870 re·

200 3922 357 3991 linquenda)
384 3922 409 3977 G
436 3924 516 3990 (Μ
539 3919 675 3986 relictura)
700 3919 732 3973 K
742 3937 783 3975 aa
806 3920 935 3974 relictura
963 3915 1012 3969 Vll
1036 3913 1180 3966 relicturus
1205 3913 1264 3962 cett.
1286 3906 1347 3960 edd.

202 4011 234 4064 17
252 4013 325 4080 mor]
344 4027 415 4064 mors
434 4013 460 4064 A
515 4010 620 4079 uisura]
637 4011 781 4064 uisceraA
837 4011 866 4060 et
885 4005 918 4060 ad
937 4001 1053 4058 illudK
1090 4001 1122 4054 18
1143 3997 1306 4051 crementum
1324 3999 1344 4046 ,1

203 4099 237 4152 19
257 4100 418 4168 consignans
437 4116 463 4151 m
482 4115 515 4153 aa
535 4098 651 4168 ‘aliquot
670 4097 757 4152 codd!
839 4097 874 4150 20
894 4099 921 4148 et
940 4112 991 4148 om.
1010 4107 1036 4143 m
1122 4086 1259 4156 delegaret
1277 4099 1345 4138 corr.

200 4192 259 4242 md
277 4203 309 4240 ex
328 4186 466 4256 delegerat
484 4187 510 4240 A
591 4195 707 4240 „matre
727 4187 798 4254 «fuit
816 4185 870 4238 mal
894 4184 919 4236 l'

1262 4284 1310 4334 47·
