3309 4867
268 376 335 442 326
378 407 399 440 r
630 371 657 428 S.
685 371 824 458 Aureli
852 371 1086 443 Augustini¹

270 567 371 633 eius.
399 566 432 633 ‘si
458 567 519 634 hoc
547 586 609 634 non
638 565 741 632 uultis
767 564 964 652 intellegere,
992 564 1101 634 audite
1128 566 1332 653 euangelium
1354 567 1422 656 iens

269 694 326 759 per
357 692 393 741 oe
426 674 588 759 proprium
602 672 604 675 ’
619 673 769 756 loquente
801 673 873 754 ipso
905 672 1033 739 domino
1073 675 1108 739 et
1132 672 1280 759 dicente:
1317 671 1421 753 Quia

270 781 491 866 oportebat
522 780 561 847 de
595 778 721 848 choslo
754 779 964 864 compleri.
988 778 1130 860 omnia,
1163 766 1263 864 quae
1295 780 1334 845 de
1361 779 1419 845 illo

269 887 429 971 scripte
459 889 554 953 sunt
585 885 625 951 in
656 885 748 972 lege
780 888 821 951 et
851 885 1068 969 prophetie
1102 892 1146 978 et
1168 886 1352 971 psalmis,
1380 890 1421 952 et

269 992 505 1077 praedicari
533 992 571 1057 in
601 991 759 1058 nomine
785 990 876 1058 eins
904 991 1199 1075 paenitentiam
1222 997 1262 1059 et
1283 992 1420 1058 remis·
1450 1019 1469 1060 a

271 1099 428 1165 sionem
460 1101 719 1183 peccatorum
752 1115 823 1180 per
859 1106 994 1165 omnes
1032 1099 1177 1184 gentes
1212 1098 1419 1183 incipiens

261 1206 316 1270 ab
344 1204 618 1271 Hierusalem.
650 1204 736 1289 quod
757 1205 790 1271 in
813 1193 938 1289 psalnno
962 1204 1043 1272 dixit
1067 1205 1245 1272 ‘uocauit
1271 1209 1420 1271 terram

271 1330 290 1374 a
323 1311 428 1378 solis
465 1315 555 1378 ortu
592 1330 722 1395 oeque
752 1311 806 1377 ad
842 1313 1054 1392 oocasnm‘,
1091 1311 1153 1379 hoc
1188 1312 1220 1378 in
1252 1310 1420 1400 euangelio

271 1419 352 1500 ‘per
383 1435 518 1484 omnes
552 1404 710 1503 ge'ntee’
741 1420 784 1498 et,
812 1418 898 1503 quod
925 1419 957 1483 in
985 1419 1111 1503 psalmo
1138 1418 1218 1485 dixit
1244 1426 1297 1485 ‘er
1324 1418 1420 1486 Sion

273 1524 436 1607 speeies
460 1523 624 1592 decoris
648 1523 838 1602 eisetuna
855 1525 890 1591 in
915 1525 1080 1611 euangelio
1104 1524 1185 1593 dixit
1205 1524 1421 1610 incipiens
1440 1551 1471 1593 so

273 1628 318 1693 ab
347 1629 629 1698 Hierusalem’.
839 1694 842 1699 .
1126 1704 1129 1708 .

228 1744 249 1806 2
317 1735 455 1822 Fingitis
482 1756 541 1803 uos
569 1740 642 1802 ante
668 1743 796 1821 tempus
824 1738 941 1814 messis
968 1737 1079 1823 fugere
1107 1738 1261 1821 permixte
1290 1736 1420 1812 zizania,

274 1841 348 1924 quia
372 1861 430 1910 uos
453 1844 532 1913 estis
555 1843 625 1909 sole
647 1841 775 1910 zizania,
798 1856 873 1907 nam
897 1842 925 1907 si
947 1842 1105 1909 frumenta
1123 1843 1250 1924 essetis,
1267 1842 1423 1929 permixta

272 1948 392 2014 zizania
412 1948 591 2024 toleraretis
612 1953 648 2015 et
670 1969 689 2015 a
711 1952 821 2034 segete
845 1948 965 2015 Christi
986 1968 1048 2015 non
1071 1969 1131 2016 uos
1160 1950 1356 2017 diuideretis.
1382 1947 1422 2014 de
1468 1943 1472 1950 ⁴

274 2054 403 2120 zizaniis
422 2055 550 2139 quidem
570 2056 689 2122 dictum
714 2058 778 2122 est:
803 2047 1000 2134 Quoniam
1023 2055 1252 2123 ebundauit
1273 2055 1421 2140 iniqui·
1440 2082 1471 2126 ra

275 2167 337 2229 tos
377 2162 629 2248 refrigescet
656 2162 811 2229 auritus
839 2161 1071 2242 multorum,
1100 2159 1157 2229 sed
1185 2165 1218 2230 et
1244 2162 1283 2229 de
1313 2161 1422 2227 tritico

275 2267 396 2333 dictum
422 2273 486 2335 est:
514 2266 953 2351 Qniperseueranerit
979 2268 1017 2333 in
1040 2264 1167 2334 finem
1193 2286 1331 2352 usqne,
1355 2266 1420 2332 hio

276 2374 419 2440 saluus
454 2374 543 2443 erit.
580 2394 677 2458 quare
713 2373 844 2441 creditis
881 2374 1022 2441 creuisse
1054 2374 1174 2440 zieaoin
1204 2377 1237 2441 et
1266 2372 1420 2440 mrsndurn

276 2480 461 2564 replenisse‚
490 2480 632 2547 triticum
660 2486 766 2548 autem
794 2480 975 2547 decreuisse
1003 2483 1036 2546 et
1060 2480 1094 2547 in
1118 2480 1187 2547 sola
1208 2481 1315 2547 Africa
1335 2498 1422 2545 men·

277 2588 379 2652 sisse?
412 2586 609 2654 Christianos
641 2606 700 2654 uos
733 2587 841 2653 dicitis
873 2590 907 2653 et
934 2586 1061 2654 Christo
1093 2586 1320 2654 contradicitis.
1352 2578 1469 2670 ipsene

277 2693 370 2758 dixit:
405 2691 539 2760 Sinite
573 2699 747 2778 utreque
780 2712 964 2760 crescere
996 2712 1127 2777 usque
1159 2692 1204 2759 ad
1239 2709 1421 2767 messem,

278 2819 336 2865 non
365 2799 456 2882 dixit:
486 2801 637 2866 Crescunt
663 2800 792 2878 zizania,
820 2799 1004 2866 decrescant
1029 2799 1200 2877 dumenta3
1232 2800 1302 2885 ipae
1329 2797 1420 2864 dixit:

277 2909 381 2992 Ager
414 2911 478 2972 est
510 2907 574 2973 hio
605 2906 787 2985 mundns,
816 2924 877 2972 nou
906 2906 998 2972 dixit:
1024 2906 1112 2991 Ager
1134 2910 1185 2972 cet
1206 2904 1326 2977 Africa:
1353 2904 1421 2988 ipse

277 3013 369 3078 dixit:
403 3013 553 3079 Messio
586 3017 651 3079 est
681 3013 781 3080 finis
814 3012 986 3092 saeculi,
1017 3031 1080 3078 non
1108 3011 1200 3078 dixit:
1223 3010 1350 3077 dleesie
1372 3013 1423 3090 eant

278 3127 404 3204 ternpus
437 3119 569 3196 Doneti;
603 3121 672 3203 ipse
700 3119 800 3185 dixitz‘
822 3117 1028 3186 Messores
1056 3118 1194 3203 angeli
1227 3120 1328 3199 sunt,
1361 3136 1421 3182 non
1441 3149 1471 3192 ,ς

366 3346 384 3401 a
402 3345 468 3400 nuc.
486 3346 530 3408 24,
548 3346 585 3400 44
597 3351 626 3400 eo
638 3346 673 3399 er
717 3345 750 3399 12
763 3344 923 3410 uisu..1e,
937 3344 1045 3400 nr-ao
1082 3312 1231 3401 ro‘nusu.
1244 3344 1289 3407 aa,
1305 3343 1421 3404 rn-rn

280 3436 321 3496 ro,
340 3435 375 3489 nr
430 3436 461 3489 21
483 3434 582 3489 naon.
602 3434 645 3497 13,
663 3433 700 3489 ao
753 3434 800 3498 nn
819 3434 867 3498 au
887 3434 922 3488 25
939 3433 1039 3488 uetur
1060 3432 1102 3498 13,
1120 3431 1228 3488 seeo

317 3561 327 3613 l
349 3559 403 3613 iens
423 3556 595 3627 euangelium
612 3555 642 3612 R
704 3557 721 3611 8
740 3555 927 3626 complere-M
944 3558 1020 3622 (m
1037 3554 1179 3626 compleri)
1196 3554 1224 3608 A
1242 3552 1379 3625 complere
1396 3551 1427 3607 F

279 3651 295 3701 5
315 3645 470 3717 praedicere
488 3645 525 3700 Μ
540 3648 616 3712 (nc2
634 3643 793 3716 praedicari)
811 3643 896 3699 ΕΔΒ
915 3660 957 3699 oe
1046 3645 1063 3699 6
1080 3660 1129 3714 per
1147 3659 1208 3708 orn„
1226 3646 1286 3698 sal
1303 3641 1370 3698 odd.
1388 3640 1426 3696 dl

280 3735 342 3789 tin
360 3733 466 3805 psalouo
485 3747 536 3787 ons.
554 3732 583 3789 Β
636 3733 768 3804 tgentes
785 3748 839 3787 om.
857 3730 948 3786 ΜΗ
1019 3747 1104 3803 eryon
1121 3732 1149 3786 A
1204 3731 1237 3786 12
1254 3728 1345 3800 fugire
1361 3727 1427 3784 HF

281 3828 314 3880 13
331 3822 559 3892 sola-permixta
575 3821 680 3877 urania
696 3837 749 3876 on.
762 3820 881 3876 erm
936 3821 969 3875 14
982 3820 1149 3890 toleraretis]
1164 3818 1293 3889 legeretis
1305 3816 1425 3873 ΗΔΒ

314 3910 478 3978 ἀὶαἰάειτίῑίε
495 3911 530 3966 Μ
594 3912 627 3965 15
645 3908 797 3964 abundabit
813 3912 929 3964 Auem
945 3924 996 3965 aee.
1019 3907 1097 3978 Vulg.
1116 3906 1179 3976 (Gr.
1198 3906 1240 3961 eu
1256 3907 1286 3961 rt
1304 3905 1424 3977 πληθυν·

279 4003 371 4071 θῆναι)
455 4000 487 4054 16
505 3998 660 4069 refrigescit
677 3997 712 4052 Μ
789 3997 821 4051 17
840 4013 926 4067 neque
944 3997 973 4051 iu
991 3996 1072 4051 fineen
1091 3994 1175 4052 m
1191 3993 1253 4049 cde.
1270 4008 1323 4049 eeu.
1346 3991 1424 4062 Volo.

281 4087 314 4141 18
333 4087 465 4142 creuisse·
478 4091 502 4152 (t
520 4089 600 4152 eras.)
619 4085 647 4139 P
718 4086 751 4140 19
768 4083 932 4156 replenisset
949 4084 986 4138 Μ
1001 4080 1301 4155 (m.2repleuiaae)1·'
1378 4078 1425 4134 de·

280 4169 419 4238 credisset.
443 4178 507 4231 Μ
529 4173 682 4229 decreuisse
704 4174 741 4228 M
846 4178 874 4228 ct
896 4189 948 4229 ooo.
967 4173 995 4229 R
1085 4174 1120 4227 25
1143 4171 1261 4241 ternpus]
1282 4186 1345 4241 pere
1363 4166 1424 4223 edu

220 4333 223 4340 .
276 4271 423 4337 prosterne
494 4272 558 4317 eunt
575 4262 712 4334 engelild
