3309 4867
578 280 845 351 epistularum
874 282 996 339 cxvffl.
1296 289 1359 353 671

209 478 242 539 te
260 474 356 560 igere
376 478 526 542 uolumus
539 470 815 543 constantissimae
834 465 1017 544 intentionis
1033 478 1164 545 domum
1179 483 1212 545 et
1229 480 1363 546 securis-

210 581 325 647 simam
346 584 489 666 reqniem
508 584 611 648 omnis
635 583 735 649 bonae
759 587 856 667 atque
878 585 1031 650 honestae
1055 587 1189 651 sotionis
1213 588 1298 652 tuae.
1322 606 1362 652 an

209 689 291 756 forte
318 689 415 756 istam
442 692 545 773 ipsam
573 693 728 757 terrenam
756 691 955 771 felicitatem,
983 712 1079 775 quam
1103 694 1362 770 commemoraui,

211 795 239 861 si
261 797 404 880 prosperi
425 796 562 862 rumoris
586 816 664 862 aura
686 802 742 863 aut
765 797 861 863 etiem
885 798 1015 864 flatibus
1037 799 1112 863 uela
1133 798 1299 882 pandendo
1323 799 1361 863 ad

177 921 280 967 roam
306 903 450 984 potueris
477 904 652 986 peruenire,
684 888 766 969 hano
791 903 887 969 etiarn
917 905 1041 989 cogitas
1074 905 1188 970 referre
1216 906 1247 971 in
1275 905 1363 971 aiud

209 1027 322 1074 uerum
350 1012 383 1074 at
410 1012 533 1075 eertum
564 1015 598 1076 et
628 1011 758 1093 plenum
790 1009 931 1076 bonum?
962 1016 998 1076 at
1027 1010 1108 1076 mihi
1129 1031 1202 1100 ‚non
1235 1004 1364 1077 uidetur

210 1121 306 1199 atque
328 1116 455 1182 omnino
482 1118 561 1200 ipsa.
575 1119 695 1184 ueritas
719 1120 814 1203 negat
836 1118 889 1183 uel
912 1117 1010 1183 tantis
1035 1117 1075 1183 ad
1099 1137 1133 1185 se
1157 1118 1362 1196 anfractibus,

209 1225 376 1306 quartam
395 1223 537 1306 proxima
555 1227 615 1300 est,
633 1225 687 1290 uel
705 1226 803 1291 tentis
823 1226 1017 1310 sumptibus,
1037 1245 1118 1308 quae
1137 1229 1203 1291 tam
1224 1226 1364 1311 gratuita

209 1332 269 1409 eat,
293 1329 464 1413 perueniri.

116 1427 191 1496 ‘710
253 1435 303 1501 An
324 1437 416 1520 *ipsa
455 1435 593 1501 humana
629 1436 725 1502 laude
761 1440 924 1520 tamquam
958 1437 1170 1503 instmmento
1208 1438 1362 1504 utendum

210 1541 383 1621 existimas,
411 1546 449 1608 nt
471 1542 592 1608 aditum
616 1563 672 1627 per
695 1544 775 1609 hano
797 1552 965 1627 praepares
989 1545 1028 1608 ad
1052 1544 1175 1610 animos
1198 1544 1363 1610 homiuum

209 1647 419 1731 persuadendi
447 1668 524 1714 uera
546 1654 642 1732 atque
666 1633 817 1728 salubria,
841 1653 874 1715 et
897 1669 1002 1726 cauea,
1030 1670 1069 1715 ne
1092 1653 1135 1728 te,
1160 1669 1234 1716 oum
1255 1650 1363 1716 iudoo·

208 1757 279 1819 turn
315 1759 410 1837 atqua
446 1755 591 1821 hebetem
629 1756 822 1840 putruerint,
863 1756 1030 1841 indignum
1069 1756 1271 1835 arbitrentur,
1309 1756 1363 1821 oui

210 1879 318 1926 aurem
350 1862 404 1925 uel
431 1861 679 1929 intentissimam
705 1857 770 1928 uel'
786 1862 1053 1946 patientissimam
1081 1862 1262 1946 praebeant,
1291 1863 1361 1928 siue

163 1987 191 2027 rr
206 1966 256 2031 ud·
268 1967 458 2033 reoteiauta
475 1987 667 2052 quamquem
686 1969 858 2048 exhorteris
878 1969 946 2034 sine
964 1968 1121 2034 malitiam
1140 1971 1234 2052 utque
1252 1968 1361 2051 nequi·

208 2074 287 2138 tiam
318 2073 481 2157 pausantis
514 2074 685 2161 obiurges?
717 2075 801 2140 huno
818 2078 870 2140 'tu
903 2074 997 2140 finem
1025 2075 1168 2140 iustitiae
1200 2092 1238 2139 uo
1268 2073 1361 2139 beno

209 2179 354 2245 fidentiae
382 2183 411 2246 si
438 2180 469 2245 in
496 2180 562 2247 illis
590 2180 822 2266 interrogandis
847 2181 1088 2265 quaestiouibus
1113 2169 1273 2268 cogitasti,
1302 2198 1361 2245 nos

209 2285 249 2351 da
271 2289 303 2352 te
329 2286 418 2351 male.
439 2287 626 2364 meruimus,
651 2288 769 2370 quibus
796 2288 828 2353 in
855 2288 995 2371 epistula
1017 2290 1074 2353 tua
1097 2305 1158 2352 non
1186 2286 1218 2351 id
1241 2286 1360 2370 potius,

209 2410 272 2476 qno
307 2411 519 2470 moneremur,
547 2393 706 2476 posuisti,
742 2397 781 2459 ut
817 2396 874 2460 aut
909 2394 1045 2459 libenter
1080 2392 1239 2470 daremus,
1276 2392 1362 2477 quod

162 2518 191 2558 so
209 2498 351 2581 petebas,
390 2499 547 2575 antideo
580 2519 642 2566 non
675 2500 835 2579 daremus,
870 2500 944 2582 quia
976 2518 1073 2565 eausa
1106 2498 1267 2582 quaelibet
1299 2499 1362 2564 alia

209 2605 345 2672 fortasse
368 2605 561 2690 prohiberet,
584 2625 645 2672 non
669 2609 774 2673 tamen
794 2607 967 2691 quietura
990 2625 1089 2672 uanae
1108 2603 1275 2690 cupiditati
1300 2625 1361 2671 non

211 2712 315 2806 solum
335 2711 454 2777 seruire
473 2732 584 2778 uerum
605 2714 700 2778 etiam
720 2732 781 2778 non
799 2714 949 2784 resistere
972 2712 1115 2795 puderet.
1139 2716 1257 2796 quanto
1275 2711 1361 2777 enim

210 2818 326 2884 meiius
363 2824 459 2902 atque
496 2820 666 2895 salubrius,
702 2838 819 2902 quaeso
852 2823 895 2896 te,
932 2820 1018 2903 ipsas
1052 2819 1198 2884 ueritatis
1234 2818 1362 2902 regulas

211 2925 313 2991 urulto
342 2926 461 2992 certius
489 2928 522 2989 et
554 2926 683 2992 breuius
716 2940 772 3010 per
799 2945 834 2991 so
862 2926 949 3009 ipsas
978 2925 1258 3008 accipientibus
1280 2923 1363 2990 feisa

165 3053 194 3094 ss
213 3032 319 3095 omnia
340 3031 448 3114 possis
469 3031 538 3115 ipse
556 3032 710 3110 retollere,
734 3032 889 3116 ne,.quod
908 3030 1024 3099 salsum
1045 3036 1078 3096 et
1100 3029 1283 3114 pudendum
1301 3033 1362 3107 est,

250 3377 383 3432 Idonum
402 3377 430 3432 R
476 3378 655 3432 2mactiouis
675 3381 840 3440 (aaron.
860 3362 986 3444 m.1)P¹
1037 3377 1159 3448 dipaam
1177 3375 1364 3449 istamriona's

213 3482 281 3521 corr.
306 3466 333 3521 V
403 3467 611 3521 commemoraui
630 3467 656 3519 A
723 3468 741 3521 4
759 3466 803 3522 uel
822 3464 993 3536 apandendo,
1011 3468 1078 3520 aa]
1095 3466 1157 3520 uela
1174 3463 1319 3535 pandendo
1337 3465 1366 3519 P

213 3555 256 3609 uei
276 3554 436 3625 spendendo
454 3555 516 3608 MA
584 3555 728 3618 treione,
747 3570 815 3609 corr.
837 3553 1062 3622 (m.1?)reterre
1080 3552 1109 3607 P
1178 3554 1194 3609 6
1213 3556 1317 3607 remum
1335 3556 1364 3607 at

213 3659 306 3699 uerum
324 3643 385 3697 edd.
460 3644 490 3697 11
511 3655 685 3714 praeparares
702 3642 863 3698 MAPPW
946 3644 1048 3698 suimus
1066 3640 1130 3696 MP
1145 3643 1274 3712 eonimos,
1292 3656 1363 3697 dors.

212 3731 404 3787 ss.1·animos
423 3730 453 3797 (h
471 3737 554 3798 eras)
574 3731 607 3786 P¹
709 3733 742 3786 12
761 3729 948 3801 persuadendo
968 3731 1021 3787 PR
1123 3732 1156 3786 13
1176 3730 1268 3801 atque]
1289 3735 1318 3784 et
1335 3728 1364 3785 R

215 3821 248 3874 15
267 3819 302 3874 sd
320 3836 371 3875 ons.
391 3819 419 3873 A
501 3821 534 3875 lo
552 3824 696 3891 peccantes
713 3820 742 3876 R
813 3821 857 3890 au]
875 3824 958 3890 atqua
976 3820 1006 3876 R
1076 3819 1279 3880 beneficentiae,
1298 3821 1365 3871 Μ

213 3907 420 3963 baneiioientiae
439 3907 467 3962 P
482 3907 687 3962 beneficientiae
707 3908 784 3974 (med.
798 3908 809 3961 i
823 3913 895 3978 ap.)
909 3907 977 3963 P¹V
989 3907 1196 3963 beneficientiae
1208 3905 1237 3961 Β
1280 3906 1314 3959 17
1328 3906 1363 3975 ai]

214 3995 290 4064 s;i'
342 3999 375 4052 21
396 3997 522 4067 prohibet
539 3997 567 4051 lt
639 3995 784 4067 cupiditati
802 4001 867 4051 tuae
886 4013 971 4052 uanae
989 3997 1059 4050 P¹V
1118 3984 1364 4065 2211111111]ρο-

213 4085 300 4141 tuerit
317 4086 354 4140 M
369 4086 511 4156 poteritA
566 4087 600 4140 23
619 4086 728 4156 regulas
745 4091 774 4156 (a
791 4088 857 4139 Μ
874 4101 944 4141 sorr.
965 4090 1016 4139 aar
1032 4084 1160 4152 immeto)
1179 4082 1215 4137 M
1265 4084 1299 4137 25
1315 4099 1364 4154 pn·

215 4173 326 4229 tendum
352 4174 377 4226 V
1194 4205 1197 4210 n
