3309 4867
577 371 843 442 epistularum
871 370 1020 425 luxurii.
1200 394 1204 400 ·
1303 376 1363 436 :till

218 567 326 652 specie
363 567 466 646 foede,
503 587 564 633 non
602 571 709 632 nostra
746 565 802 630 sed
840 566 1013 631 cuiuslibet
1049 568 1117 630 uita
1154 586 1190 632 ac
1230 567 1372 631 moribus

218 674 453 760 indignissima.

132 778 160 841 5
266 781 401 847 Proinde
425 782 567 859 obsecro,
583 785 629 854 ‚ut
649 780 833 864 epistulam,
859 800 954 864 quam
983 781 1029 845 eis
1058 782 1218 847 communi
1246 780 1372 845 nomine

221 887 346 970 scripsi,
369 886 584 971 subscriptum
607 905 668 953 non
692 878 819 953 differas
843 888 981 953 mittere.
1005 891 1038 953 et
1060 888 1088 953 si
1107 888 1188 954 forte
1208 888 1275 953 illio
1293 888 1374 952 illud

181 1016 201 1055 a
220 995 345 1060 iustum
361 992 547 1060 acubssimc
564 993 722 1077 persides,
741 1012 802 1059 uon
821 994 1110 1078 cogentur-infirmi
1129 994 1222 1059 modo
1242 994 1374 1059 discere.

222 1099 309 1184 quod
341 1119 400 1185 ego
432 1099 573 1166 nondum
605 1100 768 1185 intellego,
796 1102 835 1165 ut
861 1100 922 1166 hoc
950 1100 1032 1165 circa
1061 1120 1115 1166 eos
1138 1101 1169 1165 iu
1195 1099 1255 1164 hac
1278 1118 1374 1164 causa

223 1209 380 1285 semetur,
403 1206 488 1289 quod
512 1205 659 1273 dominus
683 1207 743 1272 ait:
771 1206 904 1274 Multa
932 1207 1057 1272 habeo
1085 1207 1203 1272 uobis
1227 1205 1373 1281 dicere,

223 1312 292 1378 sed
315 1331 390 1379 non
413 1312 601 1394 potestis
620 1311 697 1378 illa
718 1316 884 1396 portare
912 1314 1037 1379 modo.
1068 1314 1128 1378 tali
1152 1313 1268 1396 quippe
1292 1312 1375 1375 intir-

222 1418 328 1483 mitati
364 1437 496 1502 parcens
528 1419 624 1484 etiam
654 1419 736 1485 illud
769 1419 810 1485 de
840 1421 960 1485 tributo
993 1419 1145 1485 soluendo
1179 1420 1238 1483 sit:
1272 1419 1320 1483 lli·
1327 1437 1375 1502 go

171 1552 204 1590 ro
223 1525 348 1589 liberi
372 1528 467 1590 sunt
490 1525 594 1601 lilii3
620 1526 688 1599 sed
707 1545 752 1591 ne
771 1522 1102 1592 scandalizemus
1121 1545 1189 1591 eos
1209 1530 1241 1589 et
1260 1533 1375 1591 cetera.

223 1631 349 1714 qrrando
373 1631 505 1696 Petrum
528 1631 627 1709 misit,
651 1636 689 1697 ut
712 1632 922 1709 didrachmas,
948 1652 1027 1716 quoe
1055 1638 1130 1698 tune
1159 1631 1377 1715 erigebantur,

224 1731 393 1802 soluerent.
426 1741 559 1803 nouerat
590 1738 672 1803 enim
708 1739 794 1804 alind
826 1740 888 1815 ius,
922 1758 984 1822 quo
1017 1739 1096 1803 nibil
1128 1741 1194 1805 tale
1226 1736 1375 1802 debebat:

225 1843 281 1908 sed
306 1863 342 1910 eo
364 1844 433 1909 iure
457 1843 613 1910 tributum
628 1846 664 1911 ‘ei
689 1845 745 1910 ille
769 1846 926 1921 soluebat,
952 1865 1013 1928 quo
1038 1846 1105 1945 ipre
1129 1845 1266 1910 diximus
1289 1844 1377 1908 liere-

225 1950 297 2015 dem
329 1951 506 2035 presbytori
537 1951 692 2017 Honorati
725 1970 949 2018 successurum
983 1952 1093 2026 luisse,
1131 1953 1170 2027 si,
1208 1954 1376 2032 antequem

175 2082 206 2120 m
225 2076 290 2121 rem
315 2076 406 2121 suam
429 2057 482 2122 nel
505 2057 636 2124 donaret
658 2059 712 2125 uel
734 2058 897 2137 uenderet,
921 2064 1104 2125 moreretur.
1129 2076 1320 2141 quarrrqmm
1345 2055 1377 2119 in

225 2166 297 2249 ipso
322 2165 474 2230 ecclesiae
496 2164 565 2230 inre
588 2165 708 2230 Paulus
727 2165 893 2249 apostolus
912 2166 1015 2249 parcit
1031 2164 1164 2229 infirmis
1184 2168 1216 2229 et
1235 2161 1377 2227 debitum

227 2270 422 2355 stipendium
458 2289 520 2335 non
558 2272 656 2357 exigit
691 2274 796 2337 certm
834 2272 1039 2350 conscientia,
1077 2271 1164 2355 quod
1200 2269 1378 2336 rectissime

226 2378 376 2462 erigeret,
408 2376 465 2442 sed
497 2377 579 2443 nihil
606 2378 692 2443 aliud
721 2397 815 2462 qrrnm
845 2377 1060 2461 suspicionem
1089 2378 1235 2445 deuitena
1258 2375 1378 2440 bonum

226 2484 355 2552 odorem
389 2481 508 2550 onrisu
544 2484 725 2550 turbantem
762 2489 795 2550 et
831 2484 870 2550 ab
906 2484 964 2550 illa
996 2485 1138 2568 maligna
1161 2465 1276 2566 *specie
1308 2499 1379 2544 sesa

177 2614 209 2653 eo
227 2589 389 2654 abstinens
413 2589 514 2658 ineis
537 2589 730 2675 regionibns,
756 2578 814 2655 ubi¹
835 2592 894 2657 hoc
918 2594 1051 2656 nouerat
1074 2593 1228 2673 oportere,
1248 2589 1280 2653 et
1298 2586 1379 2651 forte

228 2697 398 2778 antequam
430 2696 594 2762 tristitiam
622 2696 788 2763 bominum
815 2697 933 2762 inisset
960 2701 1116 2781 expertus.
1149 2696 1205 2760 sed
1232 2713 1290 2759 nos
1316 2698 1379 2758 tm·-

227 2800 333 2868 diores
356 2803 410 2867 uel
432 2803 552 2886 experti
575 2802 784 2887 corrigamus,
807 2803 893 2887 qnod
916 2803 1100 2886 praesidere
1124 2801 1304 2867 debuimus.

153 2910 180 2975 6
272 2907 449 2988 Rostremo,
473 2909 548 2992 qnia
571 2909 675 2974 omnin
698 2909 796 2975 timeo
821 2913 855 2974 et
875 2909 1015 2986 memini,
1040 2910 1071 2973 in
1096 2909 1243 2993 digressu
1272 2908 1381 2991 nostro

228 3013 305 3097 quid
332 3015 547 3099 proposueris,
575 3015 659 3105 qnod
687 3034 738 3081 me
766 3017 879 3081 iratres
902 3016 1114 3100 Tagastenses
1143 3017 1271 3079 teneant
1295 3011 1380 3076 debi-

180 3142 209 3184 as
228 3124 331 3186 torem
361 3119 394 3185 in
426 3120 559 3187 dimidio
591 3121 679 3187 illius
704 3108 817 3206 pretii,
850 3123 878 3187 si
911 3121 971 3187 hoc
1004 3122 1126 3187 iustum
1159 3140 1229 3186 esse
1257 3118 1380 3203 liquido

227 3227 468 3313 perspiciam
505 3227 581 3315 dum
617 3230 704 3294 taxat
739 3228 925 3294 condicione
962 3247 1023 3292 non
1061 3220 1176 3305 abnuo,
1218 3230 1265 3301 ut,
1307 3245 1379 3290 enm

229 3334 378 3414 babnero,
401 3333 543 3411 reddam,
564 3333 599 3401 id
622 3338 672 3400 est
695 3354 768 3400 cum
792 3333 914 3418 aliquid
931 3337 1055 3399 tantum
1076 3334 1243 3400 obuenerit
1261 3332 1382 3415 Hippo·

319 3565 413 3630 idoli.
434 3564 476 3628 16,
497 3564 537 3620 12
586 3566 602 3620 9
620 3565 719 3620 Matth.
742 3567 784 3631 17,
803 3567 910 3621 26-27
968 3566 1158 3629 inlusae,
1179 3566 1266 3621 1-15

265 3733 412 3789 dobsocro
431 3738 459 3789 te
478 3737 510 3788 ut
527 3734 588 3791 edd.
656 3735 864 3805 bapertissima
883 3734 944 3789 edd.
1022 3735 1113 3804 modo]
1133 3751 1150 3789 n
1173 3735 1199 3788 Τ
1264 3734 1383 3789 dcause

229 3839 283 3878 non
302 3822 419 3894 potestis
437 3828 563 3878 seruetur
581 3828 645 3889 (non
663 3824 780 3894 potestis
799 3824 872 3893 emp.)
894 3823 921 3879 U
1002 3824 1033 3878 ll
1060 3823 1216 3892 didragmas
1239 3819 1321 3876 THR
1339 3819 1381 3873 di·

229 3928 364 3983 maumas
388 3909 442 3967 VU
496 3913 529 3967 12
547 3911 668 3966 solueret
685 3915 710 3977 (t
726 3912 758 3965 ia
775 3912 893 3978 ros.)V
960 3911 1038 3983 ,qnod
1060 3911 1086 3965 T
1145 3913 1179 3966 14
1198 3924 1382 3965 successurum

229 3998 520 4055 wsnccensnrumdl
614 4001 827 4069 15qnnmquanr
848 3994 1335 4068 (pr.ninraa.m.1;futtnee?)
1356 3995 1384 4050 R

232 4087 601 4159 responsoriororum
661 4090 694 4143 19
714 4086 816 4143 Christi
835 4088 946 4143 odorem
964 4087 1025 4143 edd.
1087 4090 1123 4144 20
1141 4087 1189 4142 ubi
1208 4087 1258 4141 lroc
1276 4088 1307 4139 in
1324 4100 1382 4139 ros.

230 4177 379 4247 ao.1,·sait
398 4174 444 4230 nbi
464 4180 526 4240 (ono.
542 4176 604 4241 boc)
618 4175 647 4232 R
682 4177 718 4231 23
736 4176 839 4231 nemini
857 4176 908 4231 ΤΒ
927 4180 1008 4239 (corr.
1023 4182 1083 4233 nal
1097 4177 1219 4245 memini)
1254 4176 1288 4229 24
1304 4172 1382 4244 qnid}

202 4280 212 4299 ·
232 4263 305 4334 quod
330 4263 384 4320 Π]
435 4265 469 4319 27
489 4264 659 4336 Hipponensi
678 4264 738 4320 edd.
