3309 4867
609 400 876 472 epistularum
905 400 949 457 Ol.
1286 408 1348 472 541

198 595 275 661 istis
298 594 479 660 simulacris
501 613 563 660 non
588 594 686 660 dediti
710 597 849 661 autnon
877 594 973 661 nimis
1001 596 1099 663 dediti
1132 597 1353 664 coluerunt

197 703 614 794 tamenetearuierunt
633 706 848 768 creaturae
866 703 1139 787 potiusquam
1159 706 1349 772 creatori.

200 794 286 875 {absit
308 808 446 883 omnino,
470 813 506 873 ut
529 808 665 873 istorum
688 780 848 873 uanitabes
867 811 900 872 et
917 807 1059 874 insaniae
1076 809 1257 886 mendaces,
1276 828 1353 875 uen-

200 920 291 981 tosae
306 932 409 999 nugae
424 932 461 979 ac
480 914 637 998 superbus
653 933 739 979 error
752 917 838 980 recte
851 914 1000 981 liberales
1014 915 1138 982 litterae
1153 916 1354 983 nominentur

165 1021 370 1088 chominum
394 1021 517 1087 scilicet
539 1021 726 1099 infelicium,
750 1021 806 1104 qui
830 1020 880 1087 dei
904 1021 1039 1106 gratiana
1063 1041 1119 1107 per
1136 1022 1244 1089 lesam
1264 1022 1350 1089 Obri-

202 1132 290 1194 stum
310 1127 471 1193 dominum
495 1133 651 1204 nostrum,
671 1145 734 1211 qua
752 1126 822 1194 sole
844 1127 1018 1194 liberemur
1035 1127 1073 1194 de
1092 1148 1221 1212 corpore
1238 1128 1351 1196 mortis

202 1235 310 1313 buius,
334 1254 395 1300 non
415 1240 635 1317 cognorerunt
656 1240 715 1300 neo
738 1233 837 1301 ineis
860 1233 951 1317 ipsis,
975 1253 1056 1318 qnae
1079 1254 1156 1301 uera
1178 1242 1352 1302 senserunt.

202 1341 336 1408 historia
355 1360 439 1421 sane,
464 1343 557 1407 cuins
576 1342 747 1427 scriptores
767 1341 863 1406 fidem
883 1360 917 1407 se
935 1342 1103 1424 praecipue
1122 1342 1353 1410 narrationibus

202 1450 271 1514 suis
303 1447 416 1514 debere
452 1449 649 1532 profitentur,
686 1449 832 1514 lonensis
867 1447 984 1514 lrabeat
1021 1448 1141 1533 aliquid
1174 1449 1354 1535 cognitione

151 1580 184 1622 rc
204 1555 336 1640 dignum
367 1554 488 1631 liberis,
522 1575 598 1620 cunr
629 1558 699 1621 siue
725 1555 809 1620 bona
837 1555 907 1621 siue
939 1555 1024 1621 rnala
1055 1555 1219 1621 hominnm
1247 1559 1353 1623 tannen

202 1681 279 1727 uera
297 1662 471 1726 narrentur.
492 1681 640 1745 quamuis
658 1661 691 1726 in
710 1662 756 1726 eis
776 1660 1016 1745 cognoscendis,
1035 1662 1090 1744 qui
1109 1665 1219 1728 sancto
1238 1662 1352 1746 spiritu

202 1787 264 1834 non
292 1767 395 1832 adiuti
428 1771 503 1833 surnt
529 1786 737 1852 rumoresque
765 1767 916 1852 colligere
944 1755 1016 1850 ipsa
1042 1768 1198 1833 humanae
1225 1766 1355 1833 infirmi·

202 1875 279 1940 tatis
308 1874 492 1952 condicione
520 1874 678 1959 compulsi
712 1872 797 1952 sunt,
826 1893 921 1957 quern
950 1874 1149 1940 admodum
1177 1892 1238 1940 non
1267 1873 1353 1939 falle-

203 1985 313 2048 rentur
334 1982 366 2045 iu
389 1980 546 2063 plurimis.
575 1981 704 2048 omnino
737 2000 799 2046 non
832 1979 939 2046 uideo.
968 1983 1018 2046 est
1049 1984 1155 2047 tamen
1184 1982 1290 2065 aliqua
1320 1981 1353 2045 in

154 2108 188 2151 rc
204 2090 251 2154 eis
274 2087 494 2172 propinquitas
512 2087 682 2166 libertatis,
702 2087 731 2152 si
749 2088 949 2161 uoluntatem
967 2087 1140 2153 mentiendi
1158 2106 1219 2153 non
1238 2087 1355 2154 babent

205 2213 263 2260 nec
287 2194 430 2260 homines
458 2193 583 2270 fallunt,
606 2194 671 2258 nisi
698 2211 771 2258 curn
793 2193 835 2258 eb
858 2191 1042 2257 hominibus
1065 2192 1204 2258 bumana
1226 2191 1353 2258 infirmi-

205 2305 272 2367 tate
293 2300 457 2366 falluntur.

130 2407 155 2469 3
219 2423 227 2441 ·
250 2406 369 2473 Verum
384 2406 460 2490 quia
477 2407 509 2471 in
525 2406 671 2472 omnibus
690 2425 795 2471 rerum
809 2405 963 2482 motibus,
984 2403 1060 2486 quid
1078 2404 1202 2470 numeri
1216 2404 1352 2481 ualeant,

205 2514 332 2580 facilius
356 2512 574 2579 consideratur
595 2514 633 2603 in
650 2511 786 2579 uocibus
800 2498 910 2595 'eaque
933 2511 1143 2577 consideratio
1163 2511 1352 2594 quibusdam

156 2644 189 2685 ao
207 2622 297 2706 quasi
325 2621 465 2707 audens
492 2621 660 2687 itineribus
687 2620 802 2685 nititur
824 2619 864 2684 ad
892 2638 1030 2702 superna
1055 2618 1169 2684 intima
1195 2617 1353 2711 nodatis,

207 2729 245 2793 in
270 2728 386 2812 quibus
409 2727 493 2792 uiis
518 2727 705 2793 ostendit
733 2745 774 2791 ae
803 2724 1011 2809 sapientia
1034 2724 1230 2790 hilariter
1252 2727 1291 2788 et
1313 2724 1352 2788 in

205 2836 309 2900 omni
333 2834 597 2911 prouidentia
626 2832 809 2899 occurrit
832 2830 1023 2909 amantibus,
1046 2832 1136 2898 initio
1161 2830 1260 2896 nostri
1284 2830 1352 2905 otii,

296 3080 309 3135 1
329 3079 405 3135 Rom.
426 3080 449 3137 1.
468 3080 503 3133 ‘25
558 3077 671 3133 bRom.
691 3077 716 3141 7,
735 3076 842 3131 24-25
896 3075 928 3128 21
951 3073 1013 3144 Sap.
1032 3073 1058 3135 6,
1077 3074 1111 3127 17

242 3239 254 3292 l
275 3253 330 3291 uon
349 3235 412 3290 dedi
431 3248 492 3301 (ora.
512 3235 534 3288 ti
554 3238 602 3288 aut
620 3250 674 3287 non
692 3232 775 3287 bimis
793 3232 891 3300 dediti)
910 3232 1053 3287 coluerunt
1066 3232 1094 3285 A
1148 3229 1236 3286 dediti
1255 3232 1302 3285 aut
1320 3245 1353 3284 ea

204 3325 309 3381 deditie
327 3330 359 3378 nt
375 3325 404 3378 P
455 3325 472 3378 3
491 3323 612 3377 bosniae
632 3328 716 3391 (post.
736 3321 746 3375 i
764 3326 823 3374 md
841 3336 902 3388 cap.
918 3319 992 3389 aad.)
1008 3318 1046 3373 Μ
1103 3325 1235 3374 uentoeae
1252 3317 1352 3389 nugae]

205 3418 234 3470 et
252 3419 381 3469 neumare
401 3412 480 3483 nenia
501 3412 537 3465 Ρι
591 3413 609 3465 4
627 3411 766 3467 liberares.
785 3425 853 3465 corr.
873 3408 1000 3463 liberales
1018 3408 1055 3464 Μ
1111 3408 1194 3481 bqui
1214 3406 1267 3479 dai]
1287 3406 1353 3477 quid

203 3509 214 3556 l
233 3503 253 3567 (i
271 3503 304 3555 iss
319 3517 376 3556 rae.
395 3504 468 3567 Μ)
483 3501 510 3553 Ρ
546 3502 561 3554 7
582 3512 650 3569 quac
670 3503 749 3554 erant
761 3514 827 3552 nera
841 3497 868 3552 R
887 3513 957 3567 quse
970 3500 1112 3552 uerasunt
1125 3496 1186 3552 edd.
1199 3502 1314 3566 praeter
1327 3511 1353 3551 aa

204 3591 334 3657 Satoris,
352 3595 415 3645 Μ
433 3589 537 3661 ystoria
555 3590 583 3641 P
654 3588 707 3642 fide
725 3589 752 3643 A
820 3585 1013 3654 9cognitione
1032 3601 1093 3640 cuno
1109 3601 1166 3641 raa.
1185 3600 1299 3655 erepere
1318 3582 1355 3639 Μ

206 3679 236 3734 ll
256 3679 301 3734 his
320 3682 346 3733 A
370 3722 377 3746 2
452 3679 550 3749 spiritu
568 3681 662 3731 nancto
681 3675 737 3730 PR
754 3675 815 3730 edd.
915 3660 961 3728 sco
980 3688 1037 3728 rue.
1056 3678 1082 3727 ct
1104 3688 1173 3728 corr.
1191 3679 1226 3727 act
1242 3673 1301 3730 aid.
1320 3688 1353 3727 cr

203 3756 260 3824 scin
279 3767 307 3821 P
342 3768 375 3821 12
393 3766 568 3835 n'rnoresqne,
585 3768 652 3819 m.2
670 3779 844 3833 rumoresque
863 3762 899 3815 P¹
972 3760 1144 3816 infirmitates
1162 3760 1200 3815 Μ
1217 3764 1294 3825 (are2
1311 3762 1352 3814 in·

203 3857 352 3924 firmitatis)
370 3856 401 3911 F
417 3859 488 3921 (m.1
498 3854 514 3907 l
531 3870 601 3910 corr.
620 3851 797 3915 infirmitatis)
863 3853 896 3905 13
917 3850 1074 3905 condicione
1093 3866 1127 3903 ec
1145 3848 1297 3906 condicioni
1315 3848 1350 3903 Ρ1

206 3946 238 4000 14
257 3945 284 3998 in
305 3945 343 3998 eis
363 3944 454 4013 aliqua
472 3943 500 3998 R
519 3942 579 3998 cdd.
622 3944 655 3997 18
675 3942 703 3997 iu
722 3940 856 4009 omuibus]
875 3938 1032 3993 homiuibus
1050 3940 1077 3992 A
1133 3938 1178 4008 qui
1197 3936 1357 4004 MFAaes

238 4033 374 4087 numerari
392 4031 564 4086 Marsae
582 4030 755 4091 dinumerari,
774 4033 841 4082 aa?
858 4028 963 4081 numeri
982 4027 1019 4079 P¹
1093 4028 1125 4079 19
1145 4042 1247 4096 eaquae
1267 4030 1352 4093 (post.

204 4121 302 4177 adelti
320 4121 348 4175 P
399 4122 434 4175 20
452 4121 550 4174 nititin
566 4136 623 4175 ras.
643 4118 800 4174 abutitur
814 4117 850 4170 M
920 4115 1072 4169 intimaeA
1127 4116 1162 4168 2l
1182 4115 1245 4183 niis]
1263 4114 1353 4168 iusM

239 4209 383 4280 sapientia.
402 4226 471 4265 corr.
490 4216 550 4262 m.1
568 4207 719 4279 sapientiae
733 4205 770 4260 Μ
859 4207 886 4259 in
906 4204 989 4274 omni]
1007 4203 1151 4261 hominia
1236 4203 1270 4255 22
1287 4216 1351 4271 pru·

204 4297 298 4352 dantia
316 4297 378 4353 ΜΒ
397 4299 468 4369 (aar
485 4313 572 4366 cupra
589 4299 604 4351 l
622 4294 806 4366 prouidentia)
881 4295 935 4347 cui.
956 4310 989 4345 m.
1004 4296 1021 4343 2
1038 4292 1092 4346 ocii
1110 4292 1147 4345 P¹
