3309 4867
590 404 857 475 epistularum
886 406 940 462 CV.
1281 410 1346 474 597

186 595 332 674 ,audiret
351 598 390 659 ιιι
407 595 520 660 uolens
539 595 681 681 eligeret,
700 615 874 680 numquam
893 598 1085 681 permisistis
1104 618 1160 683 per
1177 600 1347 667 uiolentiae

200 708 233 769 et
259 705 397 768 terrores
425 705 562 768 nestros.
590 703 689 769 nolite
717 703 849 770 stridere
878 707 911 770 et
935 705 1120 788 perturbare
1147 706 1266 772 animas
1294 727 1347 773 ue·
1416 749 1427 765 ,

200 815 297 886 stram
329 807 496 893 patienter,
529 809 558 874 si
593 809 661 875 fieri
687 813 805 894 potest,
838 810 1045 889 considerate,
1078 812 1163 896 quod
1199 811 1347 890 dicimus,

101 923 106 944 ¹
201 919 234 981 et
262 914 395 981 recolite
425 915 531 1005 iacta,
539 915 839 982 circumcellionum
866 922 1053 984 uestrorum
1086 921 1119 984 et
1150 919 1348 995 clericorum,

167 1022 257 1106 equi
285 1022 383 1087 duces
412 1039 521 1088 eorum
555 1041 682 1107 semper
712 1023 850 1103 inerunt,
884 1028 917 1089 et
947 1024 1113 1103 uidebitis,
1145 1044 1225 1108 puae
1253 1044 1350 1092 causa

201 1129 293 1195 uobis
324 1128 387 1194 hoc
419 1130 614 1195 excitauerit.
649 1131 735 1197 unde
764 1130 884 1197 iniuste
917 1132 1095 1216 querimini,
1133 1133 1217 1216 quia,
1253 1131 1348 1197 uobis

201 1237 307 1302 omnia
333 1235 399 1301 istu
420 1239 459 1301 ut
484 1235 680 1315 iuberentur,
708 1237 872 1323 coegistis.
901 1257 973 1304 num
996 1243 1034 1303 ut
1059 1238 1155 1325 longe
1181 1237 1350 1323 praeterita

202 1346 234 1410 et
250 1342 354 1409 multa
371 1361 432 1408 non
456 1346 649 1427 repetamus,
673 1344 787 1409 saltem
805 1344 946 1411 recentia
967 1344 1052 1411 iacta
1070 1347 1180 1411 uestra
1198 1345 1348 1430 cogitate.

201 1450 328 1515 Marcus
360 1449 526 1533 presbyter
552 1448 830 1534 casphalianensis
863 1470 882 1516 a
913 1452 1037 1517 nemine
1061 1457 1192 1518 coactus
1223 1451 1350 1535 proprie

157 1573 183 1612 ιο
201 1558 368 1623 uoluntate
391 1555 568 1651 catholicus
591 1556 698 1622 iactus
721 1560 785 1633 est3
810 1576 875 1640 qua
895 1576 929 1622 re
951 1557 1044 1623 illum
1070 1556 1167 1623 uestri
1189 1558 1349 1641 persecuti

203 1667 329 1730 suntet
351 1680 451 1745 paene
471 1662 674 1746 occidissent,
697 1663 758 1729 nisi
783 1662 835 1730 dei
857 1681 971 1731 manns
993 1683 1050 1748 por
1073 1664 1216 1730 homines
1240 1682 1349 1748 super·-

187 1770 365 1836 nenientss
390 1767 560 1835 uiolentius
584 1788 695 1835 eorum
717 1769 971 1852 compressisset.
994 1747 1176 1836 Restitutua
1195 1756 1350 1836 Victoria-

202 1873 309 1943 nensis
328 1875 368 1941 ιιιι
386 1875 576 1941 catholicam
593 1876 683 1944 nullo
703 1880 836 1962 cogente
856 1895 892 1942 se
908 1877 1088 1952 transtulit3
1109 1895 1172 1961 qua
1188 1896 1222 1941 re
1240 1879 1350 1958 raptus

203 1986 254 2050 est
280 1982 320 2047 de
348 1981 442 2048 domo
471 2000 540 2060 sua,
568 2000 692 2062 caesos,
719 1983 752 2048 in
781 2002 863 2067 aqua
890 1983 1067 2063 uolutatus,
1099 1984 1185 2049 buda
1210 1983 1350 2049 uestitus

158 2104 184 2142 ¹⁶
204 2092 237 2154 et
263 2089 370 2155 nescio
398 2091 478 2174 quot
502 2088 572 2155 oliea
598 2089 633 2155 in
661 2088 849 2174 captiuitate
877 2092 1020 2156 retentus
1049 2094 1100 2155 est
1126 2108 1183 2155 nec
1209 2089 1351 2155 libertati

203 2196 346 2281 propriae
382 2196 518 2262 fortasse
552 2196 724 2263 restitutus
760 2199 856 2269 esset,
893 2195 955 2266 uisi
990 2196 1054 2261 iam
1091 2191 1200 2281 paene
1223 2200 1352 2279 propter·

203 2303 306 2385 ipsam
325 2310 451 2367 causam
471 2302 681 2369 Pmculieuus
704 2302 766 2368 sibi
785 2302 1012 2368 exhibitionem
1034 2302 1159 2369 uideret
1174 2302 1348 2367 imminere.

203 2409 385 2475 Marcianus
416 2407 571 2494 Urgensis
603 2409 792 2476 catholicam
831 2410 986 2476 unitatem
1024 2409 1152 2495 proprie
1182 2408 1349 2476 uoluntate

204 2515 339 2600 delegit:
362 2534 425 2599 qne
446 2533 480 2580 re
503 2515 734 2582 subdiaconum
761 2516 842 2596 eins,
875 2516 1045 2608 cumipse
1076 2515 1224 2601 fugisset,
1252 2532 1349 2597 prope

157 2641 187 2682 ao
204 2638 305 2703 usque
332 2620 373 2685 ad
398 2626 534 2686 mortem
561 2631 690 2687 caesum
718 2620 825 2686 clerici
853 2621 955 2687 uestri
980 2620 1140 2704 lapidibus
1168 2620 1349 2685 obruerunt.

204 2746 339 2812 quorum
362 2725 476 2792 domus
497 2746 555 2810 pro
579 2747 637 2792 suo
661 2727 779 2792 scelere
803 2745 934 2793 euersae
956 2729 1042 2793 sunt.

92 2819 95 2824 ’
136 2826 156 2889 4
249 2831 333 2912 Quid
369 2832 506 2915 amplius
544 2833 709 2900 dicamus?
749 2833 845 2900 modo
882 2851 1068 2917 praeconem
1106 2831 1252 2910 misistis,
1296 2830 1349 2914 qui

204 2940 355 3007 clamaret
386 2939 493 3006 Siniti:
521 2938 688 3022 ‘Quisquis
717 2938 889 3006 Maximino
921 2938 1214 3015 commiscuerit,
1239 2938 1350 3022 incen-

204 3047 298 3112 detur
310 3045 424 3113 domus
438 3046 526 3112 eius’.
541 3045 639 3130 quid?
653 3052 821 3128 antequam
835 3047 905 3130 ipse
919 3044 959 3110 ad
973 3045 1163 3112 catholicam
1177 3063 1350 3111 conuersus

159 3170 186 3210 τι
205 3156 291 3220 esset
318 3155 351 3218 et
377 3151 517 3218 nondum
549 3151 588 3221 do
614 3151 832 3220 transmarinis
868 3155 1051 3233 remeasset,
1085 3150 1125 3218 ad
1154 3149 1231 3234 quii
1263 3150 1351 3216 aliud

204 3258 425 3343 presbyterum
448 3259 542 3325 Siniti
565 3258 765 3336 miseramus,
792 3258 855 3324 uisi
877 3262 916 3323 ut
943 3258 1021 3324 nulli
1045 3257 1201 3323 molestus
1224 3260 1350 3323 nostros

203 3365 350 3431 risitaret
382 3371 415 3431 et
446 3365 477 3430 in
511 3366 604 3436 domo
636 3364 715 3430 iuris
753 3365 804 3431 sui
845 3365 971 3450 positus
1012 3381 1123 3449 pacem
1160 3362 1349 3430 catholicam

241 3679 307 3731 lut
325 3675 431 3747 uolens]
451 3677 480 3731 et
497 3678 592 3732 uolens
607 3677 634 3730 P
650 3677 711 3732 eoo.
767 3678 893 3749 erigeret,
912 3694 980 3734 corr.
999 3685 1060 3737 md
1080 3679 1245 3749 eligeretis
1278 3680 1350 3732 ier-

203 3782 278 3822 rorea
295 3764 358 3819 MP
444 3766 697 3821 reercieellionum
714 3766 781 3822 m*
795 3767 997 3823 cirticillionuro
1017 3769 1044 3823 A
1122 3767 1351 3838 inam1nouA

206 3854 240 3909 10
258 3854 390 3910 secutiA
446 3855 479 3909 14
496 3853 769 3924 brudauMFARac
840 3858 975 3911 uestuaA
1032 3859 1066 3912 15
1085 3855 1209 3927 quodM
1261 3857 1294 3911 16
1307 3871 1350 3909 re·

204 3943 287 3998 stitus
305 3943 332 3996 A
423 3942 456 3995 17
474 3942 669 3998 Proculeianus
687 3960 715 3998 ιιι
785 3944 985 3999 imminere-F
1074 3945 1107 4000 18
1124 3946 1275 3999 martianus
1291 3943 1353 3997 ΜΡ

240 4030 380 4101 surgensis
398 4031 426 4084 A
443 4032 568 4086 urtiaoue
585 4032 622 4088 Μ
683 4033 715 4087 21
737 4032 830 4087 domos
849 4032 891 4088 M·
955 4050 1018 4087 auos
1038 4035 1111 4102 (suit
1129 4032 1200 4100 'W
1259 4032 1295 4086 28
1314 4032 1350 4085 ai·

205 4120 262 4175 nite
280 4119 372 4174 MFA
443 4120 604 4175 maximiano
623 4117 660 4175 ιι
668 4136 711 4174 cr
728 4121 921 4177 Maximiniano
940 4138 954 4177 c
1034 4123 1070 4177 hl
1089 4120 1165 4191 quir]
1186 4122 1232 4190 qui
1252 4119 1351 4188 assor

240 4225 338 4284 uersus
353 4195 391 4263 Π
452 4210 488 4264 25
507 4208 542 4263 ad
561 4209 628 4279 qnid
645 4208 731 4279 aliud]
751 4208 786 4263 ad
805 4209 872 4280 quid
891 4209 925 4264 ad
945 4209 1019 4265 aliud
1039 4213 1123 4279 (post.
1143 4209 1176 4264 acl
1196 4208 1247 4262 ciel.
1268 4226 1291 4260 or
1321 4214 1356 4260 oi

204 4297 263 4352 reid.
283 4300 313 4363 2)
331 4296 389 4352 FP
404 4296 508 4368 aliquid
527 4297 654 4353 adalind
673 4298 710 4352 bl
761 4299 796 4353 26
815 4299 898 4353 sinite
917 4297 947 4353 F
963 4299 986 4353 si
1004 4299 1057 4353 niti
1074 4300 1102 4352 A
