3309 4867
318 412 383 477 612
671 408 698 463 S.
725 406 865 462 Aureli
891 407 1109 478 Augustini

317 617 354 670 se
379 622 482 687 nuper
504 602 684 668 ordinatum
711 599 811 685 patris
839 600 892 666 sui
917 600 1056 667 indicem
1086 618 1245 667 essenon
1272 617 1379 683 posse,
1405 597 1464 664 sed

317 710 352 775 in
370 710 414 788 id,
433 708 550 794 quode
567 708 726 792 prioribus
745 707 814 772 suis
834 708 1000 792 acceperit,
1019 725 1213 792 permanere.
1231 705 1317 791 quod
1334 722 1463 771 necesse

318 813 489 882 babuimus*
515 815 568 881 bis
593 813 711 896 littoris
733 813 897 879 sanctitati
919 815 993 880 tuae
1020 813 1209 898 significare
1234 810 1463 880 beatitudinem

310 926 409 991 tuam
430 922 521 990 nobis
544 921 692 988 dominns
715 919 886 992 custodiet
910 920 1035 988 domine
1057 923 1158 1004 pater.

422 1213 569 1308 bomne
588 1250 746 1308 nucero
763 1250 898 1306 rosum
915 1249 1106 1307 nscuonro
1125 1248 1364 1307 incusemus.

266 1384 308 1447 ll
367 1378 530 1448 Uerissimi
561 1377 621 1445 filii
652 1379 726 1458 mei,
757 1377 959 1446 honorabiles
990 1378 1064 1457 uiri,
1096 1397 1170 1444 cum
1198 1378 1237 1444 ad
1262 1380 1354 1444 tuam
1380 1376 1466 1441 beni·

321 1485 495 1552 nolentiam
514 1484 705 1551 adtulissent
725 1483 852 1550 littores
869 1503 969 1564 meas,
992 1483 1109 1570 quibus
1127 1477 1277 1551 admonm
1293 1484 1467 1570 rogauique

839 1112 951 1179 evm.
1496 1155 1512 1193 ,

321 1597 365 1672 te,
392 1611 432 1658 ne
459 1590 692 1657 subdiaconum
717 1594 863 1658 nostrum
890 1590 1112 1677 rebeptissres,
1138 1592 1369 1676 rescripserunt
1388 1589 1467 1655 mibi

320 1673 353 1763 tl
379 1697 598 1783 respondisse:
623 1695 703 1762 ‘Non
730 1715 865 1780 possum
892 1696 954 1762 nisi
977 1696 1018 1763 ed
1039 1716 1092 1762 me
1119 1697 1284 1764 uenientes
1307 1697 1468 1779 suscipere
1485 1719 1516 1761 ιο

322 1811 355 1869 ct
382 1803 429 1869 eis
456 1802 561 1880 fldem,
591 1821 686 1886 quam
714 1802 960 1886 postulauerint,
989 1803 1083 1868 dare‘.
1112 1807 1145 1867 et
1170 1806 1286 1880 tamen
1316 1802 1344 1867 si
1371 1801 1411 1868 ad
1436 1804 1468 1865 te

321 1911 446 1977 uenerit
475 1910 507 1975 in
539 1912 649 1974 uestm
679 1909 900 1982 communione
932 1909 1125 1992 baptisatus,
1157 1910 1213 1993 qui
1240 1908 1294 1975 din
1327 1928 1346 1973 a
1376 1907 1469 1974 uobis

322 2020 488 2103 separatus
514 2015 587 2096 fuit,
617 2018 650 2079 et
676 2033 731 2100 per
757 2014 969 2101 ignorantium
995 2034 1030 2081 se
1056 2017 1219 2098 putauerit
1241 2017 1343 2082 denuo
1371 2015 1471 2098 bapti-

322 2123 458 2188 zandum
484 2121 580 2205 idque
608 2120 800 2207 poposcerit,
828 2140 903 2188 cum
930 2123 1104 2206 quaesieris
1133 2126 1166 2188 et
1188 2122 1387 2209 cognocetis,
1414 2121 1471 2186 ubi

322 2228 419 2295 fuerit
440 2229 630 2313 baptizatus,
654 2228 793 2314 suscipis
812 2228 939 2311 quidem
964 2229 1004 2294 ad
1026 2232 1060 2293 te
1081 2228 1261 2294 uenientem
1284 2247 1342 2294 nec
1364 2232 1469 2293 temen
1489 2253 1520 2293 ra

323 2336 352 2400 ei
380 2334 448 2416 dus,
480 2352 575 2418 quem
607 2334 760 2420 postulet,
793 2334 899 2414 fidem,
933 2335 991 2401 sed
1023 2335 1119 2402 doces
1151 2336 1311 2403 bominem
1342 2335 1469 2411 habere,

324 2440 411 2524 quod
431 2441 523 2524 petit,
551 2461 610 2507 nec
632 2441 730 2507 uerba
752 2442 886 2507 errantis
909 2441 1064 2523 adtendis,
1092 2443 1149 2509 sed
1172 2442 1316 2509 studium
1339 2440 1470 2508 edbibss
1634 2445 1635 2514 l

324 2548 521 2635 corrigentis.
553 2549 636 2615 male
665 2568 740 2636 ergo
769 2547 909 2628 dantem,
941 2548 1027 2632 quod
1057 2549 1121 2615 iem
1150 2549 1286 2616 dandum
1319 2569 1381 2616 non
1409 2553 1470 2626 est,

325 2657 359 2721 et
376 2659 618 2733 sacramentum,
638 2656 722 2740 quod
738 2654 849 2721 datum
863 2659 923 2733 est,
941 2656 1116 2722 uiolentam
1134 2675 1215 2723 suus
1228 2676 1314 2725 error
1330 2661 1473 2735 accusat,

325 2781 387 2827 non
410 2762 549 2846 petentis
571 2765 712 2829 excuset.
739 2762 790 2828 dic
813 2763 923 2845 itaque
945 2761 1035 2841 mibi,
1063 2763 1195 2829 obsecro
1217 2767 1260 2844 ts,
1288 2783 1352 2848 quo
1375 2765 1470 2831 modo
1486 2789 1516 2826 n

325 2886 388 2934 non
411 2867 536 2947 habeat,
560 2867 616 2951 qui
637 2868 755 2951 petiuit
777 2868 836 2933 ebs
859 2871 902 2948 te,
929 2869 1014 2952 quod
1040 2868 1105 2934 iem
1127 2874 1294 2955 acceperat
1320 2890 1377 2954 per
1398 2875 1470 2936 me?

326 2974 355 3040 si
388 2978 514 3058 propter
544 2975 679 3043 alienam
712 2993 828 3059 aquam
856 2975 1053 3041 stelionum
1085 2975 1217 3059 fenum,
1249 2978 1334 3061 quod
1368 2978 1472 3043 solent

326 3079 442 3157 dicere,
474 3080 529 3162 qui
559 3100 622 3146 non
654 3080 857 3165 intellegunt,
893 3082 968 3164 quie
999 3082 1156 3165 scriptum
1187 3087 1250 3150 est:
1282 3083 1336 3149 Ab
1371 3104 1471 3168 aqua

327 3186 462 3252 aliena
494 3185 657 3252 abstine
690 3191 729 3253 te
761 3190 801 3252 ct
833 3185 878 3251 de
910 3187 1023 3253 fonte
1056 3187 1190 3253 alieno
1222 3208 1266 3254 ns
1302 3187 1470 3267 biberis,

327 3292 505 3358 Feliciauus
530 3293 655 3376 quando
683 3295 850 3376 separatus
873 3297 923 3358 est
949 3312 968 3358 e
994 3293 1088 3358 uobis
1111 3295 1143 3358 in
1167 3297 1255 3376 parte
1276 3294 1470 3373 Maximiani,
1485 3313 1512 3357 rc

419 3483 488 3535 1-2
512 3483 544 3536 el.
569 3501 596 3554 p.
620 3484 681 3544 613,
705 3484 807 3548 9-10;
829 3483 934 3538 18-20
1061 3481 1163 3540 lossll
1186 3510 1218 3530 =
1239 3504 1262 3556 p.
1283 3486 1346 3548 611,
1365 3488 1470 3542 21-22

327 3569 362 3622 ‘23
382 3569 511 3640 septuag.
531 3570 644 3642 Παροιμ,
664 3573 688 3634 9,
709 3573 742 3626 18

367 3677 480 3747 lpetri,
500 3679 801 3747 corr.m.1potrisP
871 3679 985 3734 sidon
1003 3695 1059 3737 roe.
1077 3685 1138 3737 sul
1156 3679 1184 3734 P
1252 3682 1421 3746 dnuutiarc,
1440 3683 1471 3735 iss

327 3782 411 3836 oraro.
432 3766 475 3819 als
494 3765 646 3836 significare
670 3765 696 3820 U

418 3889 495 3943 Idem
513 3890 627 3956 codices,
644 3893 694 3959 poi
712 3893 742 3944 ic
760 3891 882 3960 spectacla
901 3891 995 3946 CVII.

422 4011 610 4067 boacmeee
628 4015 701 4066 banc
724 4014 871 4082 postulem
889 4015 921 4067 in
945 4015 1089 4069 Vaticanis
1115 3974 1317 4085 cumpluribus
1339 4023 1471 4088 rqmean

325 4101 411 4170 peimi
429 4101 580 4155 adsumme.

367 4207 397 4260 ll
420 4206 443 4259 ei
468 4205 494 4258 V
547 4207 721 4261 18iarnom.
747 4207 772 4260 U
823 4208 855 4261 19
876 4209 1022 4264 esloncP
1068 4207 1243 4281 repetentis
1260 4210 1335 4266 ΠΗ
1382 4211 1470 4267 tudi-

330 4312 389 4349 oerc
408 4312 459 4348 ooo.
480 4296 537 4347 Ρ.
576 4296 610 4351 sb
630 4315 700 4364 orpora
719 4298 809 4351 aliene
828 4297 855 4351 P
907 4299 942 4352 24
960 4300 1006 4369 nc]
1025 4297 1130 4355 nonU
