3309 4867
243 368 250 383 ⁴
330 377 395 440 444
687 376 713 429 S.
743 347 881 431 Aureli
909 376 1126 444 Augustini

329 572 424 650 atque
455 524 488 631 in
516 564 636 633 Christi
668 567 800 633 caritate
829 566 1012 632 honoranda
1040 566 1115 633 hlia.
1148 566 1347 633 honorabiles
1371 572 1484 634 tecum

329 672 483 756 nobisque
515 673 548 738 in
580 673 707 739 domiuo
741 673 969 759 dilectissimos
1002 672 1085 738 filios
1116 679 1192 740 tuos
1219 673 1327 741 debito
1354 675 1484 741 meritis

329 777 446 843 arestris
470 775 576 843 officio
599 780 749 845 resaluto.
1301 774 1303 777 ’

835 969 924 1039 XCII
945 972 983 1037 A.

383 1107 531 1165 DOMINO
554 1109 693 1165 omullo
719 1109 975 1168 SINCERISSIMO
999 1110 1045 1166 ΕΤ
1068 1110 1209 1168 sundro
1228 1110 1362 1168 FRATRI
1379 1110 1426 1167 ΕΤ
1518 1135 1531 1173 5
1631 1090 1632 1095 ἵ

331 1197 643 1275 CONPRESBYTERO
658 1197 844 1255 cYPRIarlo
855 1181 1086 1255 luubsrnlus
1096 1199 1291 1256 lucemus
1302 1199 1482 1256 saturum.

375 1325 566 1391 Benedictus
590 1324 673 1391 filiae
697 1328 824 1391 nostrae
847 1324 976 1390 Italicae
1001 1324 1123 1392 litteras
1145 1325 1230 1399 misi,
1254 1344 1333 1409 quaa
1352 1325 1391 1389 ad
1410 1345 1482 1390 eam

263 1495 265 1498 .
331 1436 403 1517 pato
436 1427 506 1514 ipsc
537 1431 673 1514 perterre
708 1431 860 1516 digneris,
893 1430 925 1527 in
960 1430 1076 1515 quibus
1115 1431 1235 1516 aliquid
1271 1431 1336 1497 diri
1372 1435 1483 1497 contra

331 1558 439 1604 eorum
464 1538 654 1621 opinionem,
679 1538 735 1622 qui
757 1537 838 1603 nihil
861 1537 901 1603 de
924 1537 983 1603 deo
1007 1555 1132 1621 sperare
1150 1541 1295 1622 possunt,
1315 1539 1377 1604 uisi
1395 1539 1482 1621 quod

331 1646 369 1711 de
411 1644 595 1728 corporibus
637 1644 789 1722 sentiunt,
832 1663 1024 1728 quamquem
1061 1663 1131 1710 esse
1168 1664 1283 1728 corpus
1321 1644 1378 1710 deo
1419 1665 1483 1711 uon
1501 1669 1530 1707 ro

331 1751 467 1817 audeaut
498 1749 612 1816 dicere.
646 1750 708 1817 alio
742 1753 848 1816 tamen
879 1750 974 1826 modo
1006 1769 1136 1833 prorsus
1168 1751 1229 1816 hoc
1257 1750 1378 1827 dicunt,
1406 1770 1481 1816 cum

331 1856 481 1923 adserunt
512 1856 615 1921 uideri
647 1875 742 1940 posse
771 1857 874 1924 oculis
902 1857 1052 1943 corporis,
1082 1875 1163 1940 quos
1190 1877 1251 1923 non
1277 1857 1397 1923 creauit
1418 1858 1482 1922 nisi

331 1964 370 2029 ad
402 1981 535 2048 corpora
562 1964 748 2031 contuenda.
782 1983 894 2029 nerum
922 1963 978 2030 isti
1007 1982 1064 2029 nec
1092 1964 1169 2048 quid
1196 1965 1240 2029 sit
1262 1983 1378 2047 corpus
1400 1963 1482 2028 mihi

331 2070 481 2136 uidentur
504 2069 585 2137 scire
607 2088 665 2135 nec
694 2073 848 2152 quantum
877 2090 895 2135 a
921 2089 1051 2155 corpora
1079 2071 1211 2154 spiritns
1243 2074 1294 2136 est
1324 2071 1411 2136 deus.
1443 2088 1482 2134 ex
1520 2060 1522 2063 ’

331 2176 497 2242 occasions
522 2194 608 2259 ergo,
632 2182 695 2259 qua
718 2193 788 2241 eam
811 2180 987 2259 utcumque
1011 2166 1234 2253 consolandam
1252 2177 1374 2262 putaui,
1394 2176 1483 2242 nolui
1503 2198 1531 2235 ra

296 2326 298 2329 ψ
331 2282 594 2368 praetermittere,
618 2281 674 2347 nbi
698 2286 843 2348 uestrum
867 2284 1008 2349 omniurn
1031 2267 1294 2368 peregrinationis
1315 2302 1391 2348 uera
1408 2300 1483 2347 eon-

331 2389 446 2457 solatio
479 2388 654 2454 constituta
686 2390 745 2455 est.
779 2386 857 2471 quid
889 2392 996 2454 autem
1029 2394 1137 2454 contra
1169 2389 1287 2467 dicant,
1316 2388 1371 2472 qui
1398 2388 1482 2453 illud

331 2496 482 2570 sentiunt,
515 2493 601 2577 quod
632 2494 743 2577 paucis
782 2495 920 2560 refutare
957 2496 1202 2577 temptauimus,
1235 2496 1388 2560 sanctitas
1425 2502 1482 2558 tua

331 2602 409 2671 mihi
445 2601 617 2667 rescribere
654 2619 717 2666 uon
754 2604 915 2685 gradetur,
953 2601 981 2666 si
1018 2601 1099 2667 forto
1135 2602 1223 2667 illius
1256 2600 1482 2666 uerecundiam

330 2707 471 2794 pigucrit
493 2690 591 2771 istum
616 2707 719 2772 ueluti
743 2706 924 2772 conflictum
949 2708 1098 2791 quamuis
1118 2728 1154 2772 cr
1173 2707 1276 2772 aliena
1294 2726 1482 2817 praesump·
1501 2731 1531 2770 so

327 2815 416 2881 tione
444 2813 618 2896 suscipere,
642 2816 699 2877 aut
727 2819 812 2878 certe
842 2813 874 2896 id
902 2813 1021 2879 efficiat
1044 2815 1160 2879 caritas
1182 2822 1249 2893 tus,
1275 2818 1311 2877 ut
1337 2813 1395 2889 illi,
1425 2815 1482 2896 qui

330 2923 390 2987 hoc
423 2919 566 2986 sentiunt
581 2923 630 2985 aet
662 2939 700 2985 es
730 2919 851 3003 passim
884 2937 1031 3005 spargere
1064 2924 1159 3003 atque
1196 2920 1381 2985 conculcare
1418 2938 1482 2984 non

332 3026 492 3105 desinunt,
525 3026 605 3091 mihi
636 3026 814 3092 rescribant
846 3025 885 3091 ad
913 3027 986 3103 ista,
1016 3045 1095 3108 qnae
1124 3025 1248 3109 scripsi,
1275 3030 1314 3090 ut
1336 3045 1407 3090 cum
1433 3027 1481 3091 eis

228 3201 230 3204 Α
331 3133 479 3215 deinceps
512 3136 634 3217 agatur,
667 3131 752 3215 qnod
785 3132 823 3197 de
855 3134 914 3198 hac
946 3152 979 3197 re
1012 3132 1065 3216 agi
1097 3136 1243 3216 oportere
1260 3134 1379 3198 ‘sancta
1404 3151 1482 3215 pru·

331 3239 437 3305 dentis
461 3242 520 3304 tua
541 3238 688 3322 peruidet
709 3258 847 3304 mecum.
876 3258 937 3304 non
961 3239 1044 3303 enim
1069 3238 1167 3323 gratis
1190 3238 1296 3329 anima
1316 3236 1482 3303 rationulis
1497 3262 1526 3302 rs

331 3345 449 3411 talibus
472 3348 565 3429 pasta
586 3346 818 3428 phantasmatis
842 3345 1065 3412 intercluditur
1087 3351 1121 3413 et
1147 3346 1276 3430 pen-itus
1305 3345 1482 3435 obturatur,

331 3471 370 3517 ne
394 3452 549 3535 pereipiat
572 3471 733 3518 summum
757 3453 838 3518 illud
861 3456 894 3518 et
916 3453 1177 3520 incommutabile
1201 3454 1331 3529 bonum,
1353 3452 1381 3515 si
1405 3470 1481 3533 spes

364 3612 379 3663 r
401 3609 429 3662 n
447 3624 499 3663 on.
518 3607 594 3675 eccs
611 3610 646 3676 cs.
661 3625 691 3678 p.
715 3578 783 3679 ree,
802 3613 822 3663 2
892 3576 1225 3665 rotonam-denen
1244 3626 1296 3665 on.
1315 3606 1480 3672 Pronum,

329 3697 412 3753 habat
429 3695 516 3768 ὁρίων
532 3712 606 3751 nnus
624 3695 663 3751 1⁵²
716 3699 732 3752 8
752 3698 873 3753 resaluta
891 3698 953 3753 cdd

363 3804 629 3882 randanense
641 3813 674 3865 a
686 3829 743 3868 nn
758 3814 850 3870 nore
865 3812 1105 3869 cunnum
1119 3817 1196 3868 2173
1206 3814 1259 3882 (n)
1272 3798 1391 3868 secem
1403 3827 1484 3867 m

324 3902 448 3973 priusnos
464 3903 505 3955 ert
522 3899 606 3955 edito.

368 4005 402 4063 lt)
429 4022 510 4077 quam
533 4005 577 4074 Ε,·
599 4006 747 4063 mendant
768 4024 932 4080 quanquam
1024 4008 1057 4062 12
1084 4007 1178 4063 uidere
1200 4008 1243 4076 E;
1264 4009 1371 4064 conat
1391 4007 1483 4063 uideri

333 4096 366 4151 18
384 4110 428 4158 ue,
446 4097 513 4150 m
530 4109 580 4150 nec
597 4094 629 4153 Ε
668 4097 701 4150 15
719 4095 881 4151 hoccasione
900 4096 928 4164 (h
948 4092 1076 4163 ermps’
1118 4097 1328 4167 18pscis,-sr.2
1345 4095 1487 4167 prucislo'

324 4181 365 4239 ‘20
382 4180 529 4253 pigueritis
547 4187 605 4239 turn
622 4183 653 4237 E
735 4186 769 4240 24
789 4168 898 4256 oportet
915 4186 956 4253 Ε,·
973 4185 1072 4254 scripsi
1090 4189 1215 4256 oportere
1295 4186 1331 4240 26
1349 4183 1483 4255 phantas-

329 4275 427 4335 mata,
444 4286 514 4327 corr.
534 4270 645 4343 (ccv)
663 4271 864 4343 phantasmatis
881 4274 911 4329 Ε
