3309 4867
304 395 370 460 232
671 390 699 446 S.
726 389 866 444 Aureli
892 390 1111 460 Augustini

304 584 408 669 qualis
440 585 494 661 uit,
527 587 570 662 eb,
604 582 708 666 qualib
740 585 812 647 unte
845 583 952 658 fuerit,
985 583 1109 667 quando
1142 584 1181 648 de
1209 604 1244 650 se
1272 585 1354 662 nibil
1378 586 1457 651 rnali

303 690 391 756 orodi
426 690 566 765 nolebat,
605 689 701 768 leniet
738 689 894 774 intellegi.
935 690 1046 755 bullus
1088 691 1170 755 enirn
1213 692 1260 755 uie
1300 691 1456 783 proditur,

305 797 432 880 qualem
456 793 586 862 caueam
609 795 765 868 habuerit.
789 816 887 879 quum
908 797 974 874 ille,
1000 797 1055 880 qui
1077 816 1133 879 per
1161 799 1340 865 saeculares
1366 801 1454 882 pote

246 951 256 959 ,
305 905 405 967 etates
437 902 491 972 uel
523 901 684 985 quaelibet
710 900 883 967 uiolentiae
912 920 985 967 oum
1013 902 1249 984 perturbatione
1273 909 1306 968 ot
1328 904 1457 985 querele

305 1012 437 1074 eouabrr
466 1008 606 1091 reeipere
642 1006 805 1085 honorem,
846 1026 941 1090 quem
978 1008 1125 1093 perdidit.
1162 1027 1224 1074 non
1262 1009 1335 1074 uult
1370 1009 1456 1076 enim
1490 1032 1508 1073 e

306 1114 427 1180 uolenti
455 1113 582 1210 Obrieto
615 1112 733 1180 seruire
765 1113 823 1179 aed
852 1113 1039 1180 Christiania
1073 1115 1255 1181 uolentibus
1290 1115 1455 1181 domiuur'u

305 1220 411 1300 buter,
428 1220 518 1289 oauti
536 1225 654 1298 estote3
678 1219 816 1286 multum
836 1226 964 1287 astutus
984 1225 1035 1286 eat
1052 1221 1212 1296 diabolus:
1235 1221 1291 1288 sed
1311 1221 1455 1288 Cbriubm

307 1327 357 1392 dei
380 1327 537 1411 sapientia
561 1334 620 1392 eat.

833 1520 928 1586 LXV.

327 1681 329 1686 ’
369 1657 514 1718 DOMINO
533 1658 752 1716 Burnusnro
770 1658 816 1714 ΕΤ
836 1658 1132 1722 vunnnlssmunss
1150 1609 1398 1714 snscmunne
1476 1671 1507 1709 ru

306 1747 416 1806 PATRI
438 1748 485 1804 ΕΤ
510 1745 789 1805 conuncuuuorl
817 1748 903 1804 sunl
925 1745 1137 1804 XANI'HIPPO
1160 1745 1392 1803 innuamus
1414 1745 1457 1802 ΙΝ

710 1834 858 1892 nonme
878 1835 1054 1892 sinuum

264 1964 280 2027 1
353 1962 466 2029 Oibeio
490 1962 598 2028 debito
622 1962 743 2028 meritis
766 1964 834 2029 tuio
858 1964 1001 2028 salutans
1025 1961 1240 2048 dignationem
1263 1966 1357 2046 tunm⁸
1377 1961 1459 2026 iuiu-

308 2088 369 2153 quo
400 2089 451 2134 me
485 2068 683 2136 orationibus
716 2067 809 2132 uelde
848 2069 1071 2138 commendans
1108 2069 1233 2162 insinuo
1271 2055 1466 2153 prudentiae*

307 2181 383 2242 tuoe
396 2175 637 2241 Abundantium
654 2175 812 2258 quendum
831 2176 863 2239 in
883 2176 981 2241 ibndo
1001 2171 1258 2258 Strnboniuneuoi
1282 2174 1458 2258 pertinente
1478 2202 1507 2243 ra

309 2282 348 2348 ad
381 2302 489 2348 eurum
522 2285 665 2347 nostrnn
697 2280 877 2347 ordinatum
908 2283 1009 2347 iuisue
1037 2281 1269 2366 presbyterum.
1302 2282 1355 2364 qui
1384 2299 1458 2346 oum

308 2401 369 2454 nou
399 2388 577 2454 ambularet
603 2386 673 2458 uiue
701 2405 867 2453 seruorum
895 2388 957 2467 dei,
980 2407 1042 2452 nou
1065 2386 1180 2453 honuni
1203 2387 1319 2455 famam
1344 2386 1458 2453 babere

309 2483 464 2577 coeperat.
498 2513 561 2578 qna
588 2514 647 2579 ego
675 2496 867 2560 conterritus
894 2498 1085 2561 nontamen
1108 2493 1372 2577 tenuerenliquid
1395 2512 1457 2560 ore·

309 2602 385 2667 dene
414 2601 471 2666 sed
498 2603 591 2684 plane
620 2599 788 2666 sollicitior
814 2602 920 2668 iaetus
949 2621 1075 2686 operam
1103 2600 1187 2678 dedi,
1215 2601 1244 2666 ei
1272 2618 1333 2684 quo
1363 2599 1457 2665 modo

308 2726 437 2792 possem
469 2706 508 2772 ud
541 2707 650 2790 uliqua
685 2707 787 2772 malae
825 2708 1076 2774 conuersationis
1112 2707 1197 2772 eius·
1219 2708 1307 2772 oerta
1341 2704 1460 2771 indinia
1478 2731 1507 2772 au

308 2814 481 2897 peruenire.
515 2832 552 2879 ue
580 2814 681 2897 primo
710 2814 851 2897 eomperi
879 2832 951 2880 eum
975 2812 1142 2898 pecuniam
1170 2813 1336 2879 cuiusdam
1363 2813 1459 2877 ruati-

400 3021 527 3078 iICor.
544 2993 574 3086 ‘1,
594 3023 629 3077 24

344 3147 527 3203 bhabuerint
549 3145 576 3201 U
627 3147 718 3217 luel]
738 3150 765 3201 et
788 3145 846 3202 VU
896 3145 991 3201 urnu-
1013 3146 1046 3200 Η
1062 3146 1159 3202 iratres
1181 3144 1338 3201 TUieraa
1441 3169 1445 3179 ·

522 3271 551 3325 P
578 3295 611 3317 =
631 3270 689 3326 eud.
708 3272 861 3326 Paridium
879 3275 957 3326 1453
974 3289 995 3327 o.
1012 3271 1049 3326 X.

529 3359 555 3413 T
580 3384 613 3407 =
634 3359 692 3415 cod.
715 3359 858 3433 Treueraaa'e
879 3365 919 3414 40
935 3377 957 3415 o.
975 3360 1070 3415 XIII.
1097 3364 1100 3369 '

524 3449 556 3503 rr
581 3473 613 3494 =
633 3448 691 3505 coo.
710 3435 880 3506 priosum.
900 3449 987 3505 rrae.
1008 3447 1236 3504 3107a.X111.

525 3539 552 3592 13
579 3563 612 3584 =
631 3538 690 3593 eod.
714 3537 870 3592 Vota'euoue
891 3541 950 3592 494
968 3555 990 3592 e.
1011 3535 1098 3592 XIII
1114 3554 1153 3592 eor.

530 3626 553 3677 V
579 3652 613 3674 =
632 3627 690 3681 eod.
715 3625 872 3680 Vaticanus
892 3629 952 3680 495
969 3644 991 3681 e.
1011 3625 1076 3680 XV.
1191 3625 1192 3628 ’

529 3714 555 3769 U
577 3739 611 3762 =
630 3715 687 3769 eod.
713 3714 869 3770 Vaticanus
890 3717 949 3769 499
967 3733 988 3770 a
1008 3714 1074 3769 XV.

345 3837 498 3894 loetum.
521 3836 549 3892 U
619 3835 791 3909 suspiciendo
810 3837 839 3892 R
908 3840 939 3892 11
961 3838 1088 3909 uantippo
1108 3837 1135 3891 P
1151 3837 1295 3907 sundippo
1318 3835 1465 3892 Trruvb·

308 3927 447 3997 xantippo
466 3926 527 3980 edd.
567 3926 600 3980 13
614 3927 681 3996 buia]
697 3926 782 3981 tuiI'
819 3929 852 3981 14
870 3927 979 3997 insinue
994 3926 1028 3980 H
1065 3928 1096 3980 15
1110 3926 1299 3981 strabouieoai.
1315 3942 1384 3981 (err.
1398 3931 1461 3981 am

310 4015 528 4070 strabonianensi
551 4014 578 4069 U
684 4009 839 4085 pertinente
859 4016 886 4069 P
908 4018 1045 4087 pertinere
1064 4015 1124 4071 *Vn*
1216 4017 1247 4070 16
1266 4021 1385 4070 uestram
1408 4013 1464 4068 I'V

312 4107 356 4171 (ue
380 4105 411 4158 in
432 4120 491 4159 rue.
510 4109 581 4170 m.1)
606 4103 634 4158 U
652 4103 711 4159 edd.
731 4110 879 4173 praetereo
971 4106 1002 4159 17
1023 4104 1066 4159 dei
1087 4111 1156 4172 (cup.
1176 4110 1202 4157 et
1220 4109 1303 4170 erne)
1323 4097 1460 4174 seruoruru

311 4191 405 4248 delli
459 4191 492 4247 18
512 4193 602 4263 eoepit
620 4193 647 4247 P
704 4209 768 4261 ergo
788 4192 815 4246 P
870 4194 904 4247 19
923 4191 983 4261 sed]
1003 4191 1051 4246 sed
1069 4197 1159 4246 taruen
1179 4192 1207 4246 P
1265 4191 1345 4261 plene
1363 4207 1414 4245 oar.
1430 4190 1461 4245 H

311 4282 347 4336 20
365 4282 505 4352 peruenire
523 4280 627 4336 iudicia
645 4283 671 4335 P
721 4280 845 4334 iudicia
868 4280 923 4336 VU
