<?xml version="1.0" encoding="UTF-8"?>
<!DOCTYPE html PUBLIC "-//W3C//DTD XHTML 1.0 Transitional//EN"
    "http://www.w3.org/TR/xhtml1/DTD/xhtml1-transitional.dtd">
<html xmlns="http://www.w3.org/1999/xhtml" xml:lang="en" lang="en">
 <head>
  <title>
</title>
<meta http-equiv="Content-Type" content="text/html;charset=utf-8" />
  <meta name='ocr-system' content='tesseract 3.04.00' />
  <meta name='ocr-capabilities' content='ocr_page ocr_carea ocr_par ocr_line ocrx_word'/>
</head>
<body>
  <div class='ocr_page' id='page_1' title='image "./savreliavgvstin00goldgoog_0433.png"; bbox 0 0 3309 4867; ppageno 0'>
   <div class='ocr_carea' id='block_1_1' title="bbox 581 358 1382 429">
    <p class='ocr_par' dir='ltr' id='par_1_1' title="bbox 581 358 1382 429">
     <span class='ocr_line' id='line_1_1' title="bbox 581 358 1382 429; baseline 0.021 -17"><span class='ocrx_word' id='word_1_1' title='bbox 581 358 844 429; x_wconf 69' lang='lat' dir='ltr'><strong>epistularum</strong></span> <span class='ocrx_word' id='word_1_2' title='bbox 872 358 1043 414; x_wconf 81' lang='lat' dir='ltr'>LXXXVIII.</span> <span class='ocrx_word' id='word_1_3' title='bbox 1189 414 1191 417; x_wconf 90' lang='lat'><em>.</em></span> <span class='ocrx_word' id='word_1_4' title='bbox 1319 366 1382 428; x_wconf 78' lang='lat'><strong>411</strong></span> 
     </span>
    </p>
   </div>
   <div class='ocr_carea' id='block_1_2' title="bbox 125 549 1516 3398">
    <p class='ocr_par' dir='ltr' id='par_1_2' title="bbox 177 549 1388 957">
     <span class='ocr_line' id='line_1_2' title="bbox 177 549 1386 638; baseline 0.004 -22"><span class='ocrx_word' id='word_1_5' title='bbox 177 608 183 625; x_wconf 92' lang='grc'>,</span> <span class='ocrx_word' id='word_1_6' title='bbox 238 555 276 616; x_wconf 89' lang='lat' dir='ltr'><strong>ut</strong></span> <span class='ocrx_word' id='word_1_7' title='bbox 306 549 381 630; x_wconf 88' lang='lat' dir='ltr'><strong>illis,</strong></span> <span class='ocrx_word' id='word_1_8' title='bbox 415 551 470 635; x_wconf 90' lang='lat' dir='ltr'><strong>qui</strong></span> <span class='ocrx_word' id='word_1_9' title='bbox 502 551 533 616; x_wconf 93' lang='lat' dir='ltr'><strong>in</strong></span> <span class='ocrx_word' id='word_1_10' title='bbox 568 552 815 635; x_wconf 68' lang='lat' dir='ltr'>praesentiarum</span> <span class='ocrx_word' id='word_1_11' title='bbox 848 558 948 638; x_wconf 76' lang='lat' dir='ltr'><strong>agunt</strong></span> <span class='ocrx_word' id='word_1_12' title='bbox 984 557 1079 636; x_wconf 84' lang='lat' dir='ltr'><strong>etque</strong></span> <span class='ocrx_word' id='word_1_13' title='bbox 1115 551 1237 619; x_wconf 85' lang='lat' dir='ltr'><strong>diurnis</strong></span> <span class='ocrx_word' id='word_1_14' title='bbox 1252 592 1256 599; x_wconf 84' lang='lat'><strong>.</strong></span> <span class='ocrx_word' id='word_1_15' title='bbox 1274 554 1386 621; x_wconf 82' lang='lat' dir='ltr'><strong>dlebus</strong></span> 
     </span>
     <span class='ocr_line' id='line_1_3' title="bbox 238 657 1387 740; baseline 0.005 -19"><span class='ocrx_word' id='word_1_16' title='bbox 238 657 436 740; x_wconf 84' lang='lat' dir='ltr'><strong>interpellare</strong></span> <span class='ocrx_word' id='word_1_17' title='bbox 467 677 529 724; x_wconf 93' lang='lat' dir='ltr'><strong>non</strong></span> <span class='ocrx_word' id='word_1_18' title='bbox 558 657 716 737; x_wconf 87' lang='lat' dir='ltr'><strong>desinunt,</strong></span> <span class='ocrx_word' id='word_1_19' title='bbox 744 657 946 725; x_wconf 69' lang='lat' dir='ltr'>audientibus</span> <span class='ocrx_word' id='word_1_20' title='bbox 975 662 1009 725; x_wconf 91' lang='lat' dir='ltr'><strong>et</strong></span> <span class='ocrx_word' id='word_1_21' title='bbox 1030 677 1135 725; x_wconf 89' lang='lat' dir='ltr'><strong>coram</strong></span> <span class='ocrx_word' id='word_1_22' title='bbox 1158 659 1387 727; x_wconf 79' lang='lat' dir='ltr'><strong>adsistentibus</strong></span> 
     </span>
     <span class='ocr_line' id='line_1_4' title="bbox 239 764 1386 850; baseline 0.003 -22"><span class='ocrx_word' id='word_1_23' title='bbox 239 782 387 848; x_wconf 82' lang='lat' dir='ltr'><strong>apparere</strong></span> <span class='ocrx_word' id='word_1_24' title='bbox 420 768 453 829; x_wconf 89' lang='lat' dir='ltr'><strong>ct</strong></span> <span class='ocrx_word' id='word_1_25' title='bbox 483 764 630 831; x_wconf 89' lang='lat' dir='ltr'><strong>intimare</strong></span> <span class='ocrx_word' id='word_1_26' title='bbox 661 765 767 848; x_wconf 83' lang='lat' dir='ltr'><strong>possit</strong></span> <span class='ocrx_word' id='word_1_27' title='bbox 797 766 915 831; x_wconf 78' lang='lat' dir='ltr'><strong>frustm</strong></span> <span class='ocrx_word' id='word_1_28' title='bbox 947 784 1002 830; x_wconf 89' lang='lat' dir='ltr'><strong>eos</strong></span> <span class='ocrx_word' id='word_1_29' title='bbox 1031 764 1209 831; x_wconf 78' lang='lat' dir='ltr'><strong>Caeciliano</strong></span> <span class='ocrx_word' id='word_1_30' title='bbox 1238 766 1386 850; x_wconf 91' lang='lat' dir='ltr'><strong>episcopo</strong></span> 
     </span>
     <span class='ocr_line' id='line_1_5' title="bbox 238 869 1388 957; baseline 0.004 -24"><span class='ocrx_word' id='word_1_31' title='bbox 238 869 391 934; x_wconf 87' lang='lat' dir='ltr'><strong>inuidiam</strong></span> <span class='ocrx_word' id='word_1_32' title='bbox 422 888 604 954; x_wconf 86' lang='lat' dir='ltr'><strong>comparare</strong></span> <span class='ocrx_word' id='word_1_33' title='bbox 636 874 732 954; x_wconf 86' lang='lat' dir='ltr'><strong>atque</strong></span> <span class='ocrx_word' id='word_1_34' title='bbox 759 871 913 938; x_wconf 87' lang='lat' dir='ltr'><strong>aduersus</strong></span> <span class='ocrx_word' id='word_1_35' title='bbox 941 890 1015 936; x_wconf 89' lang='lat' dir='ltr'><strong>eum</strong></span> <span class='ocrx_word' id='word_1_36' title='bbox 1042 871 1198 937; x_wconf 87' lang='lat' dir='ltr'><strong>uiolenter</strong></span> <span class='ocrx_word' id='word_1_37' title='bbox 1225 872 1388 957; x_wconf 79' lang='lat' dir='ltr'><strong>insurgere</strong></span> 
     </span>
    </p>

    <p class='ocr_par' dir='ltr' id='par_1_3' title="bbox 205 975 1389 1271">
     <span class='ocr_line' id='line_1_6' title="bbox 205 975 1389 1059; baseline 0.003 -19"><span class='ocrx_word' id='word_1_38' title='bbox 205 975 391 1042; x_wconf 66' lang='lat' dir='ltr'><strong>inoluisse.</strong></span> <span class='ocrx_word' id='word_1_39' title='bbox 423 976 470 1042; x_wconf 85' lang='lat' dir='ltr'><strong>ita</strong></span> <span class='ocrx_word' id='word_1_40' title='bbox 496 977 580 1043; x_wconf 88' lang='lat' dir='ltr'><strong>enim</strong></span> <span class='ocrx_word' id='word_1_41' title='bbox 607 977 673 1055; x_wconf 85' lang='lat' dir='ltr'><strong>fiet,</strong></span> <span class='ocrx_word' id='word_1_42' title='bbox 702 979 739 1044; x_wconf 93' lang='lat' dir='ltr'><strong>ut</strong></span> <span class='ocrx_word' id='word_1_43' title='bbox 765 976 905 1056; x_wconf 83' lang='lat' dir='ltr'><strong>omissis,</strong></span> <span class='ocrx_word' id='word_1_44' title='bbox 929 976 1028 1042; x_wconf 87' lang='lat' dir='ltr'><strong>sicuti</strong></span> <span class='ocrx_word' id='word_1_45' title='bbox 1051 981 1185 1059; x_wconf 83' lang='lat' dir='ltr'><strong>oportet,</strong></span> <span class='ocrx_word' id='word_1_46' title='bbox 1210 977 1279 1043; x_wconf 86' lang='lat' dir='ltr'><strong>eins</strong></span> <span class='ocrx_word' id='word_1_47' title='bbox 1302 978 1389 1045; x_wconf 89' lang='lat' dir='ltr'><strong>modi</strong></span> 
     </span>
     <span class='ocr_line' id='line_1_7' title="bbox 239 1082 1388 1168; baseline 0.001 -21"><span class='ocrx_word' id='word_1_48' title='bbox 239 1082 493 1148; x_wconf 77' lang='lat' dir='ltr'><strong>contentionibus</strong></span> <span class='ocrx_word' id='word_1_49' title='bbox 525 1083 663 1167; x_wconf 84' lang='lat' dir='ltr'><strong>populus</strong></span> <span class='ocrx_word' id='word_1_50' title='bbox 692 1084 760 1148; x_wconf 91' lang='lat' dir='ltr'><strong>sine</strong></span> <span class='ocrx_word' id='word_1_51' title='bbox 788 1083 987 1150; x_wconf 89' lang='lat' dir='ltr'><strong>dissensione</strong></span> <span class='ocrx_word' id='word_1_52' title='bbox 1015 1083 1123 1166; x_wconf 88' lang='lat' dir='ltr'><strong>aliqua</strong></span> <span class='ocrx_word' id='word_1_53' title='bbox 1148 1082 1296 1168; x_wconf 80' lang='lat' dir='ltr'><strong>religioni</strong></span> <span class='ocrx_word' id='word_1_54' title='bbox 1318 1103 1388 1167; x_wconf 87' lang='lat' dir='ltr'><strong>pro·</strong></span> 
     </span>
     <span class='ocr_line' id='line_1_8' title="bbox 238 1189 969 1271; baseline 0.003 -19"><span class='ocrx_word' id='word_1_55' title='bbox 238 1189 420 1271; x_wconf 85' lang='lat' dir='ltr'><strong>prisacam</strong></span> <span class='ocrx_word' id='word_1_56' title='bbox 443 1189 551 1255; x_wconf 86' lang='lat' dir='ltr'><strong>debita</strong></span> <span class='ocrx_word' id='word_1_57' title='bbox 573 1191 775 1256; x_wconf 76' lang='lat' dir='ltr'><strong>uenustione</strong></span> <span class='ocrx_word' id='word_1_58' title='bbox 799 1189 969 1255; x_wconf 85' lang='lat' dir='ltr'><strong>deseruiat.</strong></span> 
     </span>
    </p>

    <p class='ocr_par' dir='ltr' id='par_1_4' title="bbox 172 1290 1390 1486">
     <span class='ocr_line' id='line_1_9' title="bbox 172 1290 1389 1378; baseline 0 -18"><span class='ocrx_word' id='word_1_59' title='bbox 172 1290 192 1353; x_wconf 86' lang='lat'>5</span> <span class='ocrx_word' id='word_1_60' title='bbox 282 1295 370 1360; x_wconf 89' lang='lat' dir='ltr'><strong>Haec</strong></span> <span class='ocrx_word' id='word_1_61' title='bbox 402 1315 475 1361; x_wconf 79' lang='lat' dir='ltr'><strong>cunr</strong></span> <span class='ocrx_word' id='word_1_62' title='bbox 507 1295 618 1362; x_wconf 86' lang='lat' dir='ltr'><strong>uideas</strong></span> <span class='ocrx_word' id='word_1_63' title='bbox 649 1296 697 1361; x_wconf 88' lang='lat' dir='ltr'><strong>ita</strong></span> <span class='ocrx_word' id='word_1_64' title='bbox 724 1315 758 1360; x_wconf 93' lang='lat' dir='ltr'><strong>se</strong></span> <span class='ocrx_word' id='word_1_65' title='bbox 785 1296 911 1374; x_wconf 87' lang='lat' dir='ltr'><strong>habere,</strong></span> <span class='ocrx_word' id='word_1_66' title='bbox 941 1295 1016 1378; x_wconf 86' lang='lat' dir='ltr'><strong>quid</strong></span> <span class='ocrx_word' id='word_1_67' title='bbox 1046 1298 1097 1360; x_wconf 90' lang='lat' dir='ltr'><strong>est</strong></span> <span class='ocrx_word' id='word_1_68' title='bbox 1124 1295 1208 1378; x_wconf 87' lang='lat' dir='ltr'><strong>quod</strong></span> <span class='ocrx_word' id='word_1_69' title='bbox 1237 1296 1327 1361; x_wconf 86' lang='lat' dir='ltr'><strong>nobis</strong></span> <span class='ocrx_word' id='word_1_70' title='bbox 1352 1296 1389 1360; x_wconf 91' lang='lat' dir='ltr'><strong>de</strong></span> 
     </span>
     <span class='ocr_line' id='line_1_10' title="bbox 238 1400 1390 1486; baseline 0.001 -21"><span class='ocrx_word' id='word_1_71' title='bbox 238 1400 462 1483; x_wconf 86' lang='lat' dir='ltr'><strong>imperatorum</strong></span> <span class='ocrx_word' id='word_1_72' title='bbox 486 1402 799 1486; x_wconf 76' lang='lat' dir='ltr'><strong>iussionibus,&#39;qnae</strong></span> <span class='ocrx_word' id='word_1_73' title='bbox 823 1407 935 1470; x_wconf 86' lang='lat' dir='ltr'><strong>contra</strong></span> <span class='ocrx_word' id='word_1_74' title='bbox 957 1421 1016 1466; x_wconf 90' lang='lat' dir='ltr'><strong>nos</strong></span> <span class='ocrx_word' id='word_1_75' title='bbox 1041 1402 1291 1480; x_wconf 82' lang='lat' dir='ltr'><strong>constituuntur,</strong></span> <span class='ocrx_word' id='word_1_76' title='bbox 1309 1403 1390 1466; x_wconf 88' lang='lat' dir='ltr'><strong>inui-</strong></span> 
     </span>
    </p>

    <p class='ocr_par' dir='ltr' id='par_1_5' title="bbox 195 1500 1390 1591">
     <span class='ocr_line' id='line_1_11' title="bbox 195 1500 1390 1591; baseline 0.003 -21"><span class='ocrx_word' id='word_1_77' title='bbox 195 1534 222 1573; x_wconf 75' lang='lat' dir='ltr'><strong>ro</strong></span> <span class='ocrx_word' id='word_1_78' title='bbox 240 1505 322 1572; x_wconf 88' lang='lat' dir='ltr'><strong>diam</strong></span> <span class='ocrx_word' id='word_1_79' title='bbox 348 1507 526 1587; x_wconf 87' lang='lat' dir='ltr'><strong>concitatis,</strong></span> <span class='ocrx_word' id='word_1_80' title='bbox 550 1527 624 1573; x_wconf 90' lang='lat' dir='ltr'><strong>curn</strong></span> <span class='ocrx_word' id='word_1_81' title='bbox 650 1500 710 1574; x_wconf 85' lang='lat' dir='ltr'><strong>h&#39;oc</strong></span> <span class='ocrx_word' id='word_1_82' title='bbox 737 1513 842 1574; x_wconf 91' lang='lat' dir='ltr'><strong>totum</strong></span> <span class='ocrx_word' id='word_1_83' title='bbox 874 1528 933 1574; x_wconf 89' lang='lat' dir='ltr'><strong>uos</strong></span> <span class='ocrx_word' id='word_1_84' title='bbox 966 1507 1073 1591; x_wconf 92' lang='lat' dir='ltr'><strong>potius</strong></span> <span class='ocrx_word' id='word_1_85' title='bbox 1106 1511 1199 1572; x_wconf 87' lang='lat' dir='ltr'><strong>antea</strong></span> <span class='ocrx_word' id='word_1_86' title='bbox 1229 1508 1390 1574; x_wconf 79' lang='lat' dir='ltr'><strong>feceritis?</strong></span> 
     </span>
    </p>

    <p class='ocr_par' dir='ltr' id='par_1_6' title="bbox 158 1613 1392 2016">
     <span class='ocr_line' id='line_1_12' title="bbox 158 1613 1391 1703; baseline 0.002 -27"><span class='ocrx_word' id='word_1_87' title='bbox 158 1700 161 1703; x_wconf 18' lang='grc' dir='ltr'>Ι</span> <span class='ocrx_word' id='word_1_88' title='bbox 242 1613 270 1677; x_wconf 88' lang='lat' dir='ltr'><strong>si</strong></span> <span class='ocrx_word' id='word_1_89' title='bbox 292 1613 371 1677; x_wconf 89' lang='lat' dir='ltr'><strong>nihil</strong></span> <span class='ocrx_word' id='word_1_90' title='bbox 395 1613 510 1679; x_wconf 88' lang='lat' dir='ltr'><strong>debent</strong></span> <span class='ocrx_word' id='word_1_91' title='bbox 533 1616 565 1679; x_wconf 91' lang='lat' dir='ltr'><strong>in</strong></span> <span class='ocrx_word' id='word_1_92' title='bbox 588 1615 637 1679; x_wconf 90' lang='lat' dir='ltr'><strong>bis</strong></span> <span class='ocrx_word' id='word_1_93' title='bbox 662 1616 767 1680; x_wconf 90' lang='lat' dir='ltr'><strong>causis</strong></span> <span class='ocrx_word' id='word_1_94' title='bbox 790 1615 996 1698; x_wconf 85' lang='lat' dir='ltr'><strong>imperatores</strong></span> <span class='ocrx_word' id='word_1_95' title='bbox 1023 1613 1145 1694; x_wconf 89' lang='lat' dir='ltr'><strong>iubere,-</strong></span> <span class='ocrx_word' id='word_1_96' title='bbox 1171 1613 1200 1679; x_wconf 91' lang='lat' dir='ltr'><strong>si</strong></span> <span class='ocrx_word' id='word_1_97' title='bbox 1227 1613 1267 1677; x_wconf 86' lang='lat' dir='ltr'><strong>ad</strong></span> <span class='ocrx_word' id='word_1_98' title='bbox 1293 1614 1391 1698; x_wconf 87' lang='lat' dir='ltr'><strong>impo-</strong></span> 
     </span>
     <span class='ocr_line' id='line_1_13' title="bbox 240 1719 1390 1805; baseline 0.003 -23"><span class='ocrx_word' id='word_1_99' title='bbox 240 1722 361 1785; x_wconf 87' lang='lat' dir='ltr'><strong>ratores</strong></span> <span class='ocrx_word' id='word_1_100' title='bbox 380 1719 576 1787; x_wconf 79' lang='lat' dir='ltr'><strong>Christianos</strong></span> <span class='ocrx_word' id='word_1_101' title='bbox 600 1722 678 1786; x_wconf 90' lang='lat' dir='ltr'><strong>baec</strong></span> <span class='ocrx_word' id='word_1_102' title='bbox 700 1740 776 1787; x_wconf 88' lang='lat' dir='ltr'><strong>eura</strong></span> <span class='ocrx_word' id='word_1_103' title='bbox 797 1722 954 1805; x_wconf 83' lang='lat' dir='ltr'><strong>pertinere</strong></span> <span class='ocrx_word' id='word_1_104' title='bbox 977 1739 1037 1803; x_wconf 91' lang='lat' dir='ltr'><strong>non</strong></span> <span class='ocrx_word' id='word_1_105' title='bbox 1063 1720 1166 1796; x_wconf 86' lang='lat' dir='ltr'><strong>debet,</strong></span> <span class='ocrx_word' id='word_1_106' title='bbox 1188 1720 1260 1802; x_wconf 89' lang='lat' dir='ltr'><strong>quis</strong></span> <span class='ocrx_word' id='word_1_107' title='bbox 1280 1740 1390 1805; x_wconf 81' lang='lat' dir='ltr'><strong>urgue-</strong></span> 
     </span>
     <span class='ocr_line' id='line_1_14' title="bbox 242 1824 1392 1909; baseline 0 -20"><span class='ocrx_word' id='word_1_108' title='bbox 242 1825 297 1890; x_wconf 89' lang='lat' dir='ltr'><strong>bat</strong></span> <span class='ocrx_word' id='word_1_109' title='bbox 328 1826 463 1891; x_wconf 88' lang='lat' dir='ltr'><strong>maiores</strong></span> <span class='ocrx_word' id='word_1_110' title='bbox 495 1830 623 1893; x_wconf 91' lang='lat' dir='ltr'><strong>nestros</strong></span> <span class='ocrx_word' id='word_1_111' title='bbox 653 1845 782 1893; x_wconf 86' lang='lat' dir='ltr'><strong>causam</strong></span> <span class='ocrx_word' id='word_1_112' title='bbox 812 1825 983 1893; x_wconf 83' lang='lat' dir='ltr'><strong>Caeciliani</strong></span> <span class='ocrx_word' id='word_1_113' title='bbox 1016 1824 1055 1891; x_wconf 88' lang='lat' dir='ltr'><strong>sd</strong></span> <span class='ocrx_word' id='word_1_114' title='bbox 1086 1825 1309 1907; x_wconf 76' lang='lat' dir='ltr'><strong>imperatorem</strong></span> <span class='ocrx_word' id='word_1_115' title='bbox 1338 1845 1392 1909; x_wconf 88' lang='lat' dir='ltr'><strong>per</strong></span> 
     </span>
     <span class='ocr_line' id='line_1_15' title="bbox 242 1931 1390 2016; baseline 0.002 -21"><span class='ocrx_word' id='word_1_116' title='bbox 242 1932 463 2013; x_wconf 78' lang='lat' dir='ltr'><strong>proconsulem</strong></span> <span class='ocrx_word' id='word_1_117' title='bbox 501 1934 627 1999; x_wconf 80' lang='lat' dir='ltr'><strong>mittere</strong></span> <span class='ocrx_word' id='word_1_118' title='bbox 666 1938 699 1998; x_wconf 88' lang='lat' dir='ltr'><strong>et</strong></span> <span class='ocrx_word' id='word_1_119' title='bbox 729 1934 928 2016; x_wconf 86' lang='lat' dir='ltr'><strong>episcopum,</strong></span> <span class='ocrx_word' id='word_1_120' title='bbox 961 1935 1071 1997; x_wconf 75' lang='lat' dir='ltr'><strong>conus</strong></span> <span class='ocrx_word' id='word_1_121' title='bbox 1101 1950 1195 2014; x_wconf 87' lang='lat' dir='ltr'><strong>quem</strong></span> <span class='ocrx_word' id='word_1_122' title='bbox 1228 1931 1390 1997; x_wconf 85' lang='lat' dir='ltr'><strong>absentem</strong></span> 
     </span>
    </p>

    <p class='ocr_par' dir='ltr' id='par_1_7' title="bbox 199 2036 1516 2549">
     <span class='ocr_line' id='line_1_16' title="bbox 199 2036 1393 2124; baseline 0 -22"><span class='ocrx_word' id='word_1_123' title='bbox 199 2061 225 2104; x_wconf 75' lang='lat' dir='ltr'><strong>ra</strong></span> <span class='ocrx_word' id='word_1_124' title='bbox 242 2037 305 2103; x_wconf 86' lang='lat' dir='ltr'><strong>iam</strong></span> <span class='ocrx_word' id='word_1_125' title='bbox 336 2039 509 2104; x_wconf 77' lang='lat' dir='ltr'><strong>sentemias</strong></span> <span class='ocrx_word' id='word_1_126' title='bbox 543 2059 670 2124; x_wconf 90' lang='lat' dir='ltr'><strong>quoquo</strong></span> <span class='ocrx_word' id='word_1_127' title='bbox 704 2040 796 2105; x_wconf 84' lang='lat' dir='ltr'><strong>inodo</strong></span> <span class='ocrx_word' id='word_1_128' title='bbox 826 2038 985 2113; x_wconf 84' lang='lat' dir='ltr'><strong>dixeratis,</strong></span> <span class='ocrx_word' id='word_1_129' title='bbox 1011 2038 1126 2103; x_wconf 87' lang='lat' dir='ltr'><strong>iterum</strong></span> <span class='ocrx_word' id='word_1_130' title='bbox 1155 2036 1240 2118; x_wconf 89' lang='lat' dir='ltr'><strong>apud</strong></span> <span class='ocrx_word' id='word_1_131' title='bbox 1262 2038 1393 2122; x_wconf 89' lang='lat' dir='ltr'><strong>impera-</strong></span> 
     </span>
     <span class='ocr_line' id='line_1_17' title="bbox 240 2132 1516 2229; baseline 0 -20"><span class='ocrx_word' id='word_1_132' title='bbox 240 2148 342 2210; x_wconf 89' lang='lat' dir='ltr'><strong>torem</strong></span> <span class='ocrx_word' id='word_1_133' title='bbox 380 2163 540 2224; x_wconf 87' lang='lat' dir='ltr'><strong>accusare,</strong></span> <span class='ocrx_word' id='word_1_134' title='bbox 577 2165 639 2229; x_wconf 88' lang='lat' dir='ltr'><strong>quo</strong></span> <span class='ocrx_word' id='word_1_135' title='bbox 676 2146 843 2211; x_wconf 81' lang='lat' dir='ltr'><strong>innocente</strong></span> <span class='ocrx_word' id='word_1_136' title='bbox 879 2144 1096 2228; x_wconf 88' lang='lat' dir='ltr'><strong>pronuntiato</strong></span> <span class='ocrx_word' id='word_1_137' title='bbox 1119 2141 1290 2208; x_wconf 88' lang='lat' dir='ltr'><strong>ordinatori</strong></span> <span class='ocrx_word' id='word_1_138' title='bbox 1325 2144 1392 2209; x_wconf 78' lang='lat' dir='ltr'><strong>eius</strong></span> <span class='ocrx_word' id='word_1_139' title='bbox 1511 2132 1516 2147; x_wconf 18' lang='grc' dir='ltr'>χ</span> 
     </span>
     <span class='ocr_line' id='line_1_18' title="bbox 242 2249 1481 2337; baseline 0.005 -24"><span class='ocrx_word' id='word_1_140' title='bbox 242 2249 341 2316; x_wconf 85' lang='lat' dir='ltr'><strong>Felici</strong></span> <span class='ocrx_word' id='word_1_141' title='bbox 370 2251 449 2317; x_wconf 86' lang='lat' dir='ltr'><strong>alias</strong></span> <span class='ocrx_word' id='word_1_142' title='bbox 477 2251 562 2336; x_wconf 87' lang='lat' dir='ltr'><strong>apud</strong></span> <span class='ocrx_word' id='word_1_143' title='bbox 590 2252 724 2317; x_wconf 88' lang='lat' dir='ltr'><strong>eundem</strong></span> <span class='ocrx_word' id='word_1_144' title='bbox 752 2253 975 2337; x_wconf 90' lang='lat' dir='ltr'><strong>imperatorem</strong></span> <span class='ocrx_word' id='word_1_145' title='bbox 1004 2249 1177 2315; x_wconf 88' lang='lat' dir='ltr'><strong>calumnias</strong></span> <span class='ocrx_word' id='word_1_146' title='bbox 1201 2250 1393 2315; x_wconf 78' lang='lat' dir='ltr'><strong>machinari?</strong></span> <span class='ocrx_word' id='word_1_147' title='bbox 1473 2306 1481 2319; x_wconf 76' lang='grc'><strong><em>.</em></strong></span> 
     </span>
     <span class='ocr_line' id='line_1_19' title="bbox 243 2355 1393 2443; baseline 0.001 -23"><span class='ocrx_word' id='word_1_148' title='bbox 243 2360 277 2421; x_wconf 87' lang='lat' dir='ltr'><strong>et</strong></span> <span class='ocrx_word' id='word_1_149' title='bbox 297 2375 381 2423; x_wconf 89' lang='lat' dir='ltr'><strong>nuno</strong></span> <span class='ocrx_word' id='word_1_150' title='bbox 403 2357 481 2442; x_wconf 89' lang='lat' dir='ltr'><strong>qnid</strong></span> <span class='ocrx_word' id='word_1_151' title='bbox 503 2357 591 2423; x_wconf 86' lang='lat' dir='ltr'><strong>aliud</strong></span> <span class='ocrx_word' id='word_1_152' title='bbox 614 2377 708 2441; x_wconf 89' lang='lat' dir='ltr'><strong>quam</strong></span> <span class='ocrx_word' id='word_1_153' title='bbox 731 2359 835 2443; x_wconf 89' lang='lat' dir='ltr'><strong>ipsius</strong></span> <span class='ocrx_word' id='word_1_154' title='bbox 859 2357 988 2423; x_wconf 88' lang='lat' dir='ltr'><strong>maioris</strong></span> <span class='ocrx_word' id='word_1_155' title='bbox 1013 2355 1211 2422; x_wconf 83' lang='lat' dir='ltr'><strong>Constantini</strong></span> <span class='ocrx_word' id='word_1_156' title='bbox 1239 2355 1393 2421; x_wconf 88' lang='lat' dir='ltr'><strong>iudicium</strong></span> 
     </span>
     <span class='ocr_line' id='line_1_20' title="bbox 243 2458 1392 2549; baseline -0.001 -20"><span class='ocrx_word' id='word_1_157' title='bbox 243 2466 352 2529; x_wconf 88' lang='lat' dir='ltr'><strong>contra</strong></span> <span class='ocrx_word' id='word_1_158' title='bbox 382 2458 523 2531; x_wconf 78' lang='lat' dir='ltr'><strong>uestram</strong></span> <span class='ocrx_word' id='word_1_159' title='bbox 549 2468 670 2549; x_wconf 85' lang='lat' dir='ltr'><strong>partem</strong></span> <span class='ocrx_word' id='word_1_160' title='bbox 699 2465 791 2543; x_wconf 80' lang='lat' dir='ltr'><strong>uiuit,</strong></span> <span class='ocrx_word' id='word_1_161' title='bbox 820 2464 905 2549; x_wconf 90' lang='lat' dir='ltr'><strong>quod</strong></span> <span class='ocrx_word' id='word_1_162' title='bbox 932 2463 1068 2528; x_wconf 89' lang='lat' dir='ltr'><strong>maiores</strong></span> <span class='ocrx_word' id='word_1_163' title='bbox 1096 2461 1195 2526; x_wconf 82' lang='lat' dir='ltr'><strong>uestri</strong></span> <span class='ocrx_word' id='word_1_164' title='bbox 1219 2461 1392 2547; x_wconf 78' lang='lat' dir='ltr'><strong>elegerunt.</strong></span> 
     </span>
    </p>

    <p class='ocr_par' dir='ltr' id='par_1_8' title="bbox 198 2567 1394 2980">
     <span class='ocr_line' id='line_1_21' title="bbox 198 2567 1393 2656; baseline -0.001 -22"><span class='ocrx_word' id='word_1_165' title='bbox 198 2594 226 2634; x_wconf 76' lang='lat' dir='ltr'><strong>so</strong></span> <span class='ocrx_word' id='word_1_166' title='bbox 243 2568 329 2652; x_wconf 88' lang='lat' dir='ltr'><strong>qnod</strong></span> <span class='ocrx_word' id='word_1_167' title='bbox 355 2569 493 2637; x_wconf 89' lang='lat' dir='ltr'><strong>assiduis</strong></span> <span class='ocrx_word' id='word_1_168' title='bbox 520 2571 830 2656; x_wconf 86' lang='lat' dir='ltr'><strong>interpellationibus</strong></span> <span class='ocrx_word' id='word_1_169' title='bbox 860 2571 1069 2647; x_wconf 83' lang='lat' dir='ltr'><strong>extorserunt,</strong></span> <span class='ocrx_word' id='word_1_170' title='bbox 1102 2567 1186 2650; x_wconf 86' lang='lat' dir='ltr'><strong>qnod</strong></span> <span class='ocrx_word' id='word_1_171' title='bbox 1220 2568 1393 2652; x_wconf 89' lang='lat' dir='ltr'><strong>episcopali</strong></span> 
     </span>
     <span class='ocr_line' id='line_1_22' title="bbox 243 2672 1393 2767; baseline 0 -28"><span class='ocrx_word' id='word_1_172' title='bbox 243 2674 361 2741; x_wconf 91' lang='lat' dir='ltr'><strong>iudicio</strong></span> <span class='ocrx_word' id='word_1_173' title='bbox 398 2679 637 2760; x_wconf 78' lang='lat' dir='ltr'><strong>praetulerunt?</strong></span> <span class='ocrx_word' id='word_1_174' title='bbox 675 2678 705 2767; x_wconf 83' lang='lat' dir='ltr'><strong>si</strong></span> <span class='ocrx_word' id='word_1_175' title='bbox 742 2678 913 2761; x_wconf 88' lang='lat' dir='ltr'><strong>displicent</strong></span> <span class='ocrx_word' id='word_1_176' title='bbox 952 2674 1129 2759; x_wconf 85' lang='lat' dir='ltr'><strong>imperialia</strong></span> <span class='ocrx_word' id='word_1_177' title='bbox 1168 2672 1297 2751; x_wconf 77' lang='lat' dir='ltr'><strong>indicta,</strong></span> <span class='ocrx_word' id='word_1_178' title='bbox 1339 2676 1393 2757; x_wconf 87' lang='lat' dir='ltr'><strong>qni</strong></span> 
     </span>
     <span class='ocr_line' id='line_1_23' title="bbox 243 2780 1393 2868; baseline 0 -23"><span class='ocrx_word' id='word_1_179' title='bbox 243 2782 392 2864; x_wconf 87' lang='lat' dir='ltr'><strong>primitus</strong></span> <span class='ocrx_word' id='word_1_180' title='bbox 423 2784 628 2868; x_wconf 87' lang='lat' dir='ltr'><strong>imperatores</strong></span> <span class='ocrx_word' id='word_1_181' title='bbox 662 2786 702 2850; x_wconf 89' lang='lat' dir='ltr'><strong>ad</strong></span> <span class='ocrx_word' id='word_1_182' title='bbox 734 2803 772 2849; x_wconf 87' lang='lat' dir='ltr'><strong>ea</strong></span> <span class='ocrx_word' id='word_1_183' title='bbox 803 2784 897 2849; x_wconf 92' lang='lat' dir='ltr'><strong>uobis</strong></span> <span class='ocrx_word' id='word_1_184' title='bbox 930 2780 1095 2848; x_wconf 82' lang='lat' dir='ltr'><strong>excitanda</strong></span> <span class='ocrx_word' id='word_1_185' title='bbox 1125 2784 1318 2865; x_wconf 84' lang='lat' dir='ltr'><strong>coegerunt?</strong></span> <span class='ocrx_word' id='word_1_186' title='bbox 1346 2781 1393 2845; x_wconf 88' lang='lat' dir='ltr'><strong>sic</strong></span> 
     </span>
     <span class='ocr_line' id='line_1_24' title="bbox 245 2886 1394 2980; baseline -0.002 -28"><span class='ocrx_word' id='word_1_187' title='bbox 245 2889 327 2980; x_wconf 83' lang='lat' dir='ltr'><strong>anim</strong></span> <span class='ocrx_word' id='word_1_188' title='bbox 359 2890 453 2955; x_wconf 88' lang='lat' dir='ltr'><strong>modo</strong></span> <span class='ocrx_word' id='word_1_189' title='bbox 488 2894 597 2956; x_wconf 80' lang='lat' dir='ltr'><strong>contm</strong></span> <span class='ocrx_word' id='word_1_190' title='bbox 625 2891 815 2957; x_wconf 86' lang='lat' dir='ltr'><strong>catholicam</strong></span> <span class='ocrx_word' id='word_1_191' title='bbox 849 2889 994 2955; x_wconf 87' lang='lat' dir='ltr'><strong>clamatis</strong></span> <span class='ocrx_word' id='word_1_192' title='bbox 1026 2888 1058 2951; x_wconf 92' lang='lat' dir='ltr'><strong>in</strong></span> <span class='ocrx_word' id='word_1_193' title='bbox 1084 2886 1146 2963; x_wconf 76' lang='lat' dir='ltr'><strong>bis,</strong></span> <span class='ocrx_word' id='word_1_194' title='bbox 1174 2903 1255 2968; x_wconf 84' lang='lat' dir='ltr'><strong>quae</strong></span> <span class='ocrx_word' id='word_1_195' title='bbox 1287 2891 1394 2952; x_wconf 77' lang='lat' dir='ltr'><strong>corba</strong></span> 
     </span>
    </p>

    <p class='ocr_par' dir='ltr' id='par_1_9' title="bbox 125 2991 1394 3099">
     <span class='ocr_line' id='line_1_25' title="bbox 125 2991 1394 3099; baseline -0.003 -41"><span class='ocrx_word' id='word_1_196' title='bbox 125 3061 130 3074; x_wconf 67' lang='grc'><strong>,</strong></span> <span class='ocrx_word' id='word_1_197' title='bbox 244 2999 302 3099; x_wconf 56' lang='lat' dir='ltr'><strong>ipos</strong></span> <span class='ocrx_word' id='word_1_198' title='bbox 326 2997 365 3060; x_wconf 91' lang='lat' dir='ltr'><strong>ab</strong></span> <span class='ocrx_word' id='word_1_199' title='bbox 388 2997 632 3079; x_wconf 84' lang='lat' dir='ltr'><strong>imperatoribus</strong></span> <span class='ocrx_word' id='word_1_200' title='bbox 656 2997 876 3073; x_wconf 88' lang='lat' dir='ltr'><strong>decernuntur,</strong></span> <span class='ocrx_word' id='word_1_201' title='bbox 902 3013 997 3079; x_wconf 90' lang='lat' dir='ltr'><strong>quem</strong></span> <span class='ocrx_word' id='word_1_202' title='bbox 1020 2991 1059 3056; x_wconf 91' lang='lat' dir='ltr'><strong>ad</strong></span> <span class='ocrx_word' id='word_1_203' title='bbox 1078 2991 1208 3056; x_wconf 85' lang='lat' dir='ltr'><strong>modurn</strong></span> <span class='ocrx_word' id='word_1_204' title='bbox 1226 2991 1255 3055; x_wconf 92' lang='lat' dir='ltr'><strong>si</strong></span> <span class='ocrx_word' id='word_1_205' title='bbox 1273 2992 1394 3057; x_wconf 88' lang='lat' dir='ltr'><strong>uellent</strong></span> 
     </span>
    </p>

    <p class='ocr_par' dir='ltr' id='par_1_10' title="bbox 197 3096 1413 3398">
     <span class='ocr_line' id='line_1_26' title="bbox 197 3096 1413 3186; baseline -0.004 -18"><span class='ocrx_word' id='word_1_206' title='bbox 197 3128 226 3168; x_wconf 77' lang='lat' dir='ltr'><strong>ac</strong></span> <span class='ocrx_word' id='word_1_207' title='bbox 244 3101 395 3173; x_wconf 85' lang='lat' dir='ltr'><strong>aduersus</strong></span> <span class='ocrx_word' id='word_1_208' title='bbox 418 3102 605 3168; x_wconf 87' lang='lat' dir='ltr'><strong>Danihelem</strong></span> <span class='ocrx_word' id='word_1_209' title='bbox 629 3103 775 3181; x_wconf 85' lang='lat' dir='ltr'><strong>clamare,</strong></span> <span class='ocrx_word' id='word_1_210' title='bbox 799 3103 854 3185; x_wconf 88' lang='lat' dir='ltr'><strong>qui</strong></span> <span class='ocrx_word' id='word_1_211' title='bbox 878 3102 1010 3166; x_wconf 86' lang='lat' dir='ltr'><strong>liberato</strong></span> <span class='ocrx_word' id='word_1_212' title='bbox 1034 3098 1090 3162; x_wconf 94' lang='lat' dir='ltr'><strong>illo</strong></span> <span class='ocrx_word' id='word_1_213' title='bbox 1110 3096 1229 3162; x_wconf 89' lang='lat' dir='ltr'><strong>eisdem</strong></span> <span class='ocrx_word' id='word_1_214' title='bbox 1247 3096 1413 3186; x_wconf 85' lang='lat' dir='ltr'><strong>leonibus¹</strong></span> 
     </span>
     <span class='ocr_line' id='line_1_27' title="bbox 243 3202 1391 3292; baseline -0.003 -20"><span class='ocrx_word' id='word_1_215' title='bbox 243 3210 456 3274; x_wconf 63' lang='lat' dir='ltr'><strong>consumendi,</strong></span> <span class='ocrx_word' id='word_1_216' title='bbox 475 3210 566 3275; x_wconf 89' lang='lat' dir='ltr'><strong>missi</strong></span> <span class='ocrx_word' id='word_1_217' title='bbox 594 3213 678 3287; x_wconf 80' lang='lat' dir='ltr'><strong>sunt,</strong></span> <span class='ocrx_word' id='word_1_218' title='bbox 703 3209 861 3292; x_wconf 88' lang='lat' dir='ltr'><strong>aquibus</strong></span> <span class='ocrx_word' id='word_1_219' title='bbox 890 3226 962 3272; x_wconf 86' lang='lat' dir='ltr'><strong>eum</strong></span> <span class='ocrx_word' id='word_1_220' title='bbox 990 3206 1053 3289; x_wconf 91' lang='lat' dir='ltr'><strong>ipsi</strong></span> <span class='ocrx_word' id='word_1_221' title='bbox 1076 3202 1224 3287; x_wconf 90' lang='lat' dir='ltr'><strong>primitus</strong></span> <span class='ocrx_word' id='word_1_222' title='bbox 1249 3206 1391 3269; x_wconf 86' lang='lat' dir='ltr'><strong>consumi</strong></span> 
     </span>
     <span class='ocr_line' id='line_1_28' title="bbox 243 3310 1391 3398; baseline -0.003 -21"><span class='ocrx_word' id='word_1_223' title='bbox 243 3314 431 3391; x_wconf 80' lang='lat' dir='ltr'><strong>uoluerunt3</strong></span> <span class='ocrx_word' id='word_1_224' title='bbox 474 3315 628 3398; x_wconf 89' lang='lat' dir='ltr'><strong>scriptum</strong></span> <span class='ocrx_word' id='word_1_225' title='bbox 671 3320 720 3380; x_wconf 89' lang='lat' dir='ltr'><strong>est</strong></span> <span class='ocrx_word' id='word_1_226' title='bbox 762 3315 863 3380; x_wconf 88' lang='lat' dir='ltr'><strong>enim:</strong></span> <span class='ocrx_word' id='word_1_227' title='bbox 910 3310 1025 3377; x_wconf 86' lang='lat' dir='ltr'><strong>Nihil</strong></span> <span class='ocrx_word' id='word_1_228' title='bbox 1066 3310 1245 3374; x_wconf 89' lang='lat' dir='ltr'><strong>interest</strong></span> <span class='ocrx_word' id='word_1_229' title='bbox 1285 3310 1391 3376; x_wconf 88' lang='lat' dir='ltr'><strong>iuter</strong></span> 
     </span>
    </p>
   </div>
   <div class='ocr_carea' id='block_1_3' title="bbox 331 3576 931 3639">
    <p class='ocr_par' dir='ltr' id='par_1_11' title="bbox 331 3576 931 3639">
     <span class='ocr_line' id='line_1_29' title="bbox 331 3576 931 3639; baseline -0.003 -9"><span class='ocrx_word' id='word_1_230' title='bbox 331 3578 365 3630; x_wconf 74' lang='lat'><strong>25</strong></span> <span class='ocrx_word' id='word_1_231' title='bbox 384 3576 453 3631; x_wconf 74' lang='lat' dir='ltr'><strong>Dan</strong></span> <span class='ocrx_word' id='word_1_232' title='bbox 473 3580 498 3630; x_wconf 88' lang='grc'><strong>6.</strong></span> <span class='ocrx_word' id='word_1_233' title='bbox 522 3577 624 3631; x_wconf 78' lang='lat' dir='ltr'><strong>rc-24</strong></span> <span class='ocrx_word' id='word_1_234' title='bbox 678 3577 713 3631; x_wconf 75' lang='lat'><strong>27</strong></span> <span class='ocrx_word' id='word_1_235' title='bbox 732 3576 813 3633; x_wconf 85' lang='lat' dir='ltr'><strong>Pron.</strong></span> <span class='ocrx_word' id='word_1_236' title='bbox 836 3577 877 3639; x_wconf 83' lang='grc'><strong>19,</strong></span> <span class='ocrx_word' id='word_1_237' title='bbox 899 3576 931 3629; x_wconf 78' lang='grc'><strong>12</strong></span> 
     </span>
    </p>
   </div>
   <div class='ocr_carea' id='block_1_4' title="bbox 243 3712 1393 4317">
    <p class='ocr_par' dir='ltr' id='par_1_12' title="bbox 243 3712 1393 4317">
     <span class='ocr_line' id='line_1_30' title="bbox 281 3712 1391 3789; baseline -0.005 -17"><span class='ocrx_word' id='word_1_238' title='bbox 281 3719 408 3788; x_wconf 70' lang='lat' dir='ltr'><strong>litque]</strong></span> <span class='ocrx_word' id='word_1_239' title='bbox 428 3724 511 3789; x_wconf 85' lang='lat' dir='ltr'><strong>atque</strong></span> <span class='ocrx_word' id='word_1_240' title='bbox 530 3719 578 3787; x_wconf 85' lang='lat' dir='ltr'><strong>qui</strong></span> <span class='ocrx_word' id='word_1_241' title='bbox 596 3718 623 3771; x_wconf 83' lang='lat' dir='ltr'><strong><em>P</em></strong></span> <span class='ocrx_word' id='word_1_242' title='bbox 670 3718 826 3772; x_wconf 73' lang='lat' dir='ltr'><strong>tintimari</strong></span> <span class='ocrx_word' id='word_1_243' title='bbox 845 3719 873 3773; x_wconf 87' lang='lat' dir='ltr'>P</span> <span class='ocrx_word' id='word_1_244' title='bbox 890 3716 949 3771; x_wconf 85' lang='lat' dir='ltr'><strong>edd.</strong></span> <span class='ocrx_word' id='word_1_245' title='bbox 1001 3714 1109 3769; x_wconf 88' lang='lat' dir='ltr'><strong>5sicut</strong></span> <span class='ocrx_word' id='word_1_246' title='bbox 1126 3712 1187 3767; x_wconf 81' lang='lat' dir='ltr'><strong>edd.</strong></span> <span class='ocrx_word' id='word_1_247' title='bbox 1239 3712 1391 3781; x_wconf 81' lang='lat' dir='ltr'><strong>6popnlis.</strong></span> 
     </span>
     <span class='ocr_line' id='line_1_31' title="bbox 244 3800 1393 3877; baseline -0.003 -19"><span class='ocrx_word' id='word_1_248' title='bbox 244 3821 312 3861; x_wconf 70' lang='lat' dir='ltr'><strong>corr.</strong></span> <span class='ocrx_word' id='word_1_249' title='bbox 331 3811 391 3861; x_wconf 78' lang='lat' dir='ltr'><strong>nel</strong></span> <span class='ocrx_word' id='word_1_250' title='bbox 408 3807 525 3877; x_wconf 86' lang='lat' dir='ltr'><strong>populns</strong></span> <span class='ocrx_word' id='word_1_251' title='bbox 544 3806 573 3862; x_wconf 89' lang='lat' dir='ltr'><strong><em>P</em></strong></span> <span class='ocrx_word' id='word_1_252' title='bbox 643 3806 793 3861; x_wconf 74' lang='lat' dir='ltr'><strong>dissennne</strong></span> <span class='ocrx_word' id='word_1_253' title='bbox 811 3804 843 3860; x_wconf 81' lang='lat' dir='ltr'><em>F</em></span> <span class='ocrx_word' id='word_1_254' title='bbox 920 3804 1052 3873; x_wconf 80' lang='lat' dir='ltr'><strong>religiono</strong></span> <span class='ocrx_word' id='word_1_255' title='bbox 1070 3800 1160 3857; x_wconf 70' lang='lat' dir='ltr'><strong>Mla</strong></span> <span class='ocrx_word' id='word_1_256' title='bbox 1232 3800 1340 3871; x_wconf 84' lang='lat' dir='ltr'><strong>propria</strong></span> <span class='ocrx_word' id='word_1_257' title='bbox 1357 3800 1393 3854; x_wconf 80' lang='grc' dir='ltr'><strong>Μ</strong></span> 
     </span>
     <span class='ocr_line' id='line_1_32' title="bbox 245 3887 1392 3967; baseline -0.006 -20"><span class='ocrx_word' id='word_1_258' title='bbox 245 3895 418 3949; x_wconf 73' lang='lat' dir='ltr'><strong>iteratione</strong></span> <span class='ocrx_word' id='word_1_259' title='bbox 431 3894 483 3949; x_wconf 72' lang='grc' dir='ltr'><strong>ΓΑ</strong></span> <span class='ocrx_word' id='word_1_260' title='bbox 540 3894 872 3967; x_wconf 70' lang='lat' dir='ltr'><strong>emporetorinm,m.2</strong></span> <span class='ocrx_word' id='word_1_261' title='bbox 889 3894 1081 3962; x_wconf 82' lang='lat' dir='ltr'><strong>imperatorum</strong></span> <span class='ocrx_word' id='word_1_262' title='bbox 1100 3889 1127 3942; x_wconf 92' lang='lat' dir='ltr'><em>P</em></span> <span class='ocrx_word' id='word_1_263' title='bbox 1183 3887 1216 3942; x_wconf 92' lang='lat'><strong>10</strong></span> <span class='ocrx_word' id='word_1_264' title='bbox 1235 3888 1392 3942; x_wconf 66' lang='lat' dir='ltr'><strong>consumis</strong></span> 
     </span>
     <span class='ocr_line' id='line_1_33' title="bbox 246 3976 1390 4053; baseline -0.017 -6"><span class='ocrx_word' id='word_1_265' title='bbox 246 3989 301 4052; x_wconf 68' lang='lat' dir='ltr'><strong>(nr.</strong></span> <span class='ocrx_word' id='word_1_266' title='bbox 320 4001 333 4038; x_wconf 89' lang='lat' dir='ltr'><strong>s</strong></span> <span class='ocrx_word' id='word_1_267' title='bbox 351 4000 410 4053; x_wconf 71' lang='lat' dir='ltr'><strong>sap</strong></span> <span class='ocrx_word' id='word_1_268' title='bbox 430 3987 505 4047; x_wconf 64' lang='grc' dir='ltr'><strong>Μ)</strong></span> <span class='ocrx_word' id='word_1_269' title='bbox 523 3983 562 4039; x_wconf 79' lang='grc' dir='ltr'>Μ</span> <span class='ocrx_word' id='word_1_270' title='bbox 632 3984 709 4039; x_wconf 91' lang='lat' dir='ltr'><strong>uobis</strong></span> <span class='ocrx_word' id='word_1_271' title='bbox 728 3983 756 4037; x_wconf 81' lang='lat' dir='ltr'><em>R</em></span> <span class='ocrx_word' id='word_1_272' title='bbox 821 3984 850 4036; x_wconf 92' lang='lat' dir='ltr'><strong>ll</strong></span> <span class='ocrx_word' id='word_1_273' title='bbox 873 3982 897 4035; x_wconf 89' lang='lat' dir='ltr'><strong>si</strong></span> <span class='ocrx_word' id='word_1_274' title='bbox 915 3998 966 4033; x_wconf 78' lang='lat' dir='ltr'><strong>om.</strong></span> <span class='ocrx_word' id='word_1_275' title='bbox 987 3980 1024 4034; x_wconf 84' lang='grc' dir='ltr'><em>Μ</em></span> <span class='ocrx_word' id='word_1_276' title='bbox 1040 3978 1087 4032; x_wconf 90' lang='lat' dir='ltr'><strong>sed</strong></span> <span class='ocrx_word' id='word_1_277' title='bbox 1106 3977 1134 4030; x_wconf 91' lang='lat' dir='ltr'><strong><em>P</em></strong></span> <span class='ocrx_word' id='word_1_278' title='bbox 1203 3976 1303 4041; x_wconf 87' lang='lat' dir='ltr'><strong>uerbis,</strong></span> <span class='ocrx_word' id='word_1_279' title='bbox 1322 3992 1390 4030; x_wconf 76' lang='lat' dir='ltr'><strong>corr.</strong></span> 
     </span>
     <span class='ocr_line' id='line_1_34' title="bbox 243 4063 1390 4138; baseline -0.009 -12"><span class='ocrx_word' id='word_1_280' title='bbox 243 4077 304 4127; x_wconf 76' lang='lat' dir='ltr'><strong>nel</strong></span> <span class='ocrx_word' id='word_1_281' title='bbox 321 4072 410 4127; x_wconf 81' lang='lat' dir='ltr'><strong>causis</strong></span> <span class='ocrx_word' id='word_1_282' title='bbox 428 4072 465 4126; x_wconf 82' lang='lat' dir='ltr'><strong><em>M</em></strong></span> <span class='ocrx_word' id='word_1_283' title='bbox 533 4072 627 4128; x_wconf 87' lang='lat' dir='ltr'><strong>iubere</strong></span> <span class='ocrx_word' id='word_1_284' title='bbox 647 4071 765 4126; x_wconf 89' lang='lat' dir='ltr'><strong>debeant</strong></span> <span class='ocrx_word' id='word_1_285' title='bbox 782 4070 807 4123; x_wconf 90' lang='lat' dir='ltr'><strong>si</strong></span> <span class='ocrx_word' id='word_1_286' title='bbox 825 4070 860 4124; x_wconf 88' lang='lat' dir='ltr'><strong>ad</strong></span> <span class='ocrx_word' id='word_1_287' title='bbox 878 4070 906 4124; x_wconf 88' lang='lat' dir='ltr'><em>R</em></span> <span class='ocrx_word' id='word_1_288' title='bbox 972 4069 1004 4121; x_wconf 87' lang='grc'><strong>13</strong></span> <span class='ocrx_word' id='word_1_289' title='bbox 1023 4082 1072 4138; x_wconf 86' lang='lat' dir='ltr'><strong>per</strong></span> <span class='ocrx_word' id='word_1_290' title='bbox 1089 4082 1140 4121; x_wconf 76' lang='lat' dir='ltr'><strong>cm.</strong></span> <span class='ocrx_word' id='word_1_291' title='bbox 1160 4066 1188 4119; x_wconf 76' lang='lat' dir='ltr'><strong><em>A</em></strong></span> <span class='ocrx_word' id='word_1_292' title='bbox 1244 4065 1276 4118; x_wconf 77' lang='lat'><strong>14</strong></span> <span class='ocrx_word' id='word_1_293' title='bbox 1296 4063 1390 4118; x_wconf 81' lang='lat' dir='ltr'><strong>adsen-</strong></span> 
     </span>
     <span class='ocr_line' id='line_1_35' title="bbox 245 4153 1391 4232; baseline -0.008 -17"><span class='ocrx_word' id='word_1_294' title='bbox 245 4168 299 4215; x_wconf 81' lang='lat' dir='ltr'><strong>tam</strong></span> <span class='ocrx_word' id='word_1_295' title='bbox 318 4159 349 4215; x_wconf 74' lang='lat' dir='ltr'><em>F</em></span> <span class='ocrx_word' id='word_1_296' title='bbox 392 4163 424 4216; x_wconf 80' lang='lat'><strong>15</strong></span> <span class='ocrx_word' id='word_1_297' title='bbox 444 4160 689 4232; x_wconf 78' lang='lat' dir='ltr'><strong>quoquo]qnod1</strong></span> <span class='ocrx_word' id='word_1_298' title='bbox 736 4161 769 4214; x_wconf 84' lang='grc'><strong>16</strong></span> <span class='ocrx_word' id='word_1_299' title='bbox 788 4159 835 4230; x_wconf 92' lang='lat' dir='ltr'><strong>qni</strong></span> <span class='ocrx_word' id='word_1_300' title='bbox 855 4158 884 4213; x_wconf 81' lang='lat' dir='ltr'><em>F</em></span> <span class='ocrx_word' id='word_1_301' title='bbox 929 4157 961 4212; x_wconf 90' lang='lat'><strong>18</strong></span> <span class='ocrx_word' id='word_1_302' title='bbox 981 4156 1151 4222; x_wconf 80' lang='lat' dir='ltr'><strong>maioris-p.</strong></span> <span class='ocrx_word' id='word_1_303' title='bbox 1170 4157 1231 4215; x_wconf 72' lang='lat'><strong><em>117,</em></strong></span> <span class='ocrx_word' id='word_1_304' title='bbox 1252 4156 1288 4205; x_wconf 83' lang='lat'><strong>10</strong></span> <span class='ocrx_word' id='word_1_305' title='bbox 1306 4153 1391 4207; x_wconf 79' lang='lat' dir='ltr'><strong>lateat</strong></span> 
     </span>
     <span class='ocr_line' id='line_1_36' title="bbox 244 4243 1343 4317; baseline -0.009 -14"><span class='ocrx_word' id='word_1_306' title='bbox 244 4266 296 4303; x_wconf 75' lang='lat' dir='ltr'><strong>om,</strong></span> <span class='ocrx_word' id='word_1_307' title='bbox 316 4249 343 4305; x_wconf 86' lang='lat' dir='ltr'><em>R</em></span> <span class='ocrx_word' id='word_1_308' title='bbox 414 4250 530 4305; x_wconf 82' lang='lat' dir='ltr'><strong>iuniores</strong></span> <span class='ocrx_word' id='word_1_309' title='bbox 548 4249 584 4304; x_wconf 78' lang='grc' dir='ltr'><strong>Μ</strong></span> <span class='ocrx_word' id='word_1_310' title='bbox 600 4253 677 4317; x_wconf 66' lang='lat' dir='ltr'><strong>(m</strong></span> <span class='ocrx_word' id='word_1_311' title='bbox 694 4248 815 4315; x_wconf 83' lang='lat' dir='ltr'><strong>maioris)</strong></span> <span class='ocrx_word' id='word_1_312' title='bbox 836 4251 862 4302; x_wconf 77' lang='lat' dir='ltr'><strong><em>A</em></strong></span> <span class='ocrx_word' id='word_1_313' title='bbox 917 4249 948 4301; x_wconf 76' lang='lat' dir='ltr'><strong>‘al</strong></span> <span class='ocrx_word' id='word_1_314' title='bbox 971 4243 1112 4314; x_wconf 81' lang='lat' dir='ltr'><strong>imperalia</strong></span> <span class='ocrx_word' id='word_1_315' title='bbox 1131 4243 1157 4295; x_wconf 86' lang='lat' dir='ltr'><em>P</em></span> <span class='ocrx_word' id='word_1_316' title='bbox 1229 4243 1343 4311; x_wconf 79' lang='lat' dir='ltr'><strong>quaeA</strong></span> 
     </span>
    </p>
   </div>
   <div class='ocr_carea' id='block_1_5' title="bbox 0 0 1669 4867">
    <p class='ocr_par' dir='ltr' id='par_1_13' title="bbox 0 0 1669 4867">
     <span class='ocr_line' id='line_1_37' title="bbox 0 0 1669 4867; baseline 0 0"><span class='ocrx_word' id='word_1_317' title='bbox 0 0 1669 4867; x_wconf 95' lang='lat' dir='ltr'><strong> </strong></span> 
     </span>
    </p>
   </div>
  </div>
 </body>
</html>
