3309 4867
622 347 891 419 epistularum
919 347 1020 403 XLIII.
1346 352 1390 416 89

241 541 376 625 <lenique
399 542 488 607 salus
511 542 612 606 uestri
636 542 777 625 corporis
800 537 833 606 in
857 540 1025 607 discrimen
1054 545 1201 608 nocetur:
1225 542 1265 607 de
1291 541 1390 625 adipi·

240 648 358 714 scenda
379 647 449 713 uita
471 649 598 713 aeterna
630 652 663 714 et
694 648 847 732 fugienda
877 652 980 714 morte
1008 651 1144 714 aeterne·
1161 647 1390 731 compellamus
1497 667 1503 680 ·

241 754 362 820 animas
406 756 543 818 uestras.
590 752 846 838 expergiscimini
887 752 1073 837 aliquando!
1110 773 1171 819 non
1211 754 1243 819 in
1284 753 1392 836 aliqua

241 859 377 940 obscure
405 858 591 942 quaestione
615 877 791 934 uersamur,
815 879 876 925 non
900 859 1062 925 recondite
1084 862 1208 926 secreta
1227 857 1390 936 rimemur,

215 965 358 1048 equibus
381 964 584 1048 penetrandis
607 966 661 1030 nel
685 965 774 1029 nulle
792 966 846 1030 uel
864 984 935 1030 rara
953 965 1090 1031 humens
1107 965 1203 1031 eorda
1220 964 1390 1053 sufficient.

240 1091 291 1137 res
318 1071 350 1136 in
378 1074 488 1155 aperio
513 1076 576 1137 est
606 1071 683 1154 quid
708 1071 827 1136 eminet
848 1071 987 1137 clarius?
1011 1070 1088 1154 qnid
1110 1071 1250 1137 comitur
1271 1070 1391 1137 citius?

241 1177 377 1245 dicimus
392 1178 559 1243 temerario
574 1177 710 1242 concilio
730 1177 908 1258 quamlibet
925 1177 1187 1243 numerosissimo
1205 1179 1390 1243 innocentes

241 1282 453 1366 absentesque
480 1282 583 1348 fuisso
612 1282 788 1350 damnatos.
817 1282 987 1364 probamus
1020 1281 1081 1348 hoc
1112 1283 1391 1366 proconsularibus

240 1390 352 1474 gestis,
380 1389 498 1473 quibus
526 1389 565 1455 eb
590 1388 680 1453 omni
706 1387 888 1453 traditmnis
916 1387 1047 1456 crimine
1075 1390 1198 1456 alienus
1229 1388 1390 1455 iudicatus

195 1518 224 1557 ιο
242 1499 293 1560 est
317 1496 383 1573 ille,
412 1512 509 1578 quem
536 1494 671 1564 maxime
700 1494 908 1560 criminosum
932 1514 951 1558 s
973 1494 1090 1561 nestris
1117 1495 1242 1578 prolate
1263 1494 1390 1561 concilii

240 1604 334 1685 gesta
354 1603 545 1676 ,sonncmnt
574 1601 711 1665 dicimus
735 1619 755 1665 a
776 1600 986 1667 traditoribus
1010 1601 1165 1666 confessis
1188 1601 1221 1665 in
1245 1620 1310 1678 eos,
1334 1600 1390 1684 qni
1499 1613 1500 1616 ’

239 1707 408 1774 traditores
437 1707 626 1783 dicerentur,
654 1708 756 1774 dictim
783 1707 886 1774 fuisse
914 1708 1099 1774 sententias.
1131 1707 1302 1790 probemus
1328 1707 1390 1774 boc

239 1813 466 1879 ecclesiasticis
504 1813 615 1898 gestis,
652 1812 716 1878 ubi
745 1814 933 1880 nominatim
966 1814 1175 1891 declarantur,
1206 1813 1237 1885 in
1271 1812 1389 1898 quibus

239 1919 405 1992 Secundus
433 1919 631 2004 'tigisitanus
656 1938 702 1996 es,
726 1938 808 2004 quae
832 1920 995 2006 cognouit,
1018 1921 1111 1985 uelut
1132 1919 1279 1987 contuitu
1301 1918 1402 2003 pacis¹

194 2052 222 2092 ιε
239 2025 365 2110 ignonit
393 2029 436 2104 et,
465 2045 539 2091 cmn
566 2026 684 2109 quibus
712 2028 826 2110 postes
857 2045 923 2092 non
951 2026 1113 2111 cognonit,
1147 2024 1283 2096 discissa
1311 2042 1392 2109 pace

135 2215 141 2228 ι
240 2130 415 2201 damnauit.
443 2132 702 2216 undeapparuit
729 2152 802 2199 enm
833 2133 929 2198 etiam
957 2132 1059 2214 primo
1087 2151 1149 2198 non
1177 2132 1249 2215 paci
1278 2149 1392 2198 consur

238 2237 350 2317 luisse,
393 2236 449 2302 scd
491 2237 554 2313 sibi
591 2239 751 2304 timuisse.
790 2239 951 2305 obiecerat
984 2238 1013 2304 ei
1045 2226 1184 2321 nemque
1213 2236 1391 2321 Pnrpurius

238 2342 444 2421 limatensis,
474 2343 559 2427 quod
586 2345 694 2413 etiam,
711 2345 792 2429 ipse,
822 2363 896 2410 cnm
920 2345 1069 2411 detentus
1094 2347 1182 2411 esset
1204 2361 1223 2408 a
1245 2344 1391 2409 curatore
1464 2380 1468 2386 v

239 2453 272 2513 et
303 2451 433 2527 ordine,
456 2453 494 2516 ut
525 2450 701 2532 scripturas
734 2450 883 2529 traderet,
916 2450 1070 2517 dimissus
1103 2452 1155 2516 est
1184 2450 1296 2533 utique
1327 2465 1391 2513 non

193 2580 222 2625 so
238 2555 366 2632 frustra,
394 2555 457 2621 nisi
484 2556 559 2639 quin
584 2555 718 2622 tradidit
745 2559 802 2621 aut
829 2556 912 2622 tradi
939 2554 1060 2642 aliquid
1087 2557 1192 2622 iussit
1224 2556 1304 2622 banc
1334 2553 1391 2619 ille
1446 2583 1451 2592 ·

239 2661 455 2745 suspicionem
497 2662 576 2728 satis
616 2663 814 2744 probabilem
856 2667 1003 2730 metuens
1040 2666 1171 2747 accepto
1207 2661 1339 2731 consilio
1372 2677 1392 2726 s

238 2769 360 2833 minore
395 2767 541 2834 Secundo
573 2769 810 2853 consanguineo
844 2789 902 2835 suo
935 2769 1154 2852 consultisque
1182 2768 1308 2846 ceteris,
1335 2766 1392 2851 qui

239 2891 313 2940 cnm
337 2893 373 2942 eo
397 2877 495 2951 mant,
519 2875 679 2958 episcopis
702 2876 964 2941 manifestissima
987 2875 1119 2941 crimine
1141 2873 1199 2941 deo
1222 2872 1393 2941 indicanda

239 2980 363 3048 dimisit
399 2985 494 3065 atque
525 2980 574 3045 ita
603 2981 675 3063 psci
705 2982 906 3065 prospexisse
938 2982 1031 3047 nisus
1063 2985 1124 3059 ost,
1157 2980 1243 3065 quod
1273 2980 1391 3046 falsum
1426 3067 1429 3073 Ι

192 3110 221 3153 ae
239 3091 318 3165 erut,
342 3106 414 3153 cum
439 3086 502 3154 sibi
524 3087 732 3172 prospexerit.

145 3197 168 3262 7
283 3191 366 3258 Nem
394 3193 423 3258 si
451 3193 482 3257 in
513 3194 583 3258 eius
611 3193 705 3259 eorde
733 3193 887 3277 cogitatio
914 3193 1004 3278 pacis
1031 3194 1199 3273 habitaret,
1222 3212 1284 3259 non
1305 3178 1419 3275 apud

240 3296 463 3384 Carthaginem
491 3305 604 3382 postes
632 3318 706 3364 cum
734 3298 954 3377 traditoribus,
982 3318 1063 3383 quos
1089 3303 1272 3384 praesentes
1294 3301 1392 3381 atque

277 3608 430 3680 leorporis
448 3608 534 3663 nestri
547 3608 569 3677 s
576 3608 587 3662 l
595 3626 647 3664 rm
667 3609 789 3678 corporis
809 3625 852 3663 aa
899 3608 1115 3679 tconpellimus
1132 3609 1171 3663 Μ
1217 3611 1348 3680 daporto
1362 3609 1391 3662 A

275 3697 389 3767 eminet]
414 3697 485 3751 enirn
511 3700 540 3752 et
562 3702 603 3765 (et
628 3701 701 3767 esp.)
720 3697 749 3751 P
837 3697 854 3752 8
876 3696 1062 3766 absentisque,
1081 3701 1149 3752 sest
1165 3698 1347 3772 absentesque
1366 3695 1394 3748 P

241 3783 608 3865 ltprobataFcoulath
661 3785 822 3841 conciliisP
858 3786 890 3840 ll
907 3785 1050 3840 sonuerint
1063 3789 1142 3851 (sorr.
1157 3789 1390 3849 ss.1snnuerunt)

239 3871 382 3928 didicimus
399 3873 436 3928 Μ
490 3873 615 3938 eonfemi,
635 3877 702 3929 Μ
719 3874 851 3929 confessis
868 3872 898 3928 P
950 3874 984 3929 13
1003 3874 1094 3943 gentis
1112 3871 1144 3928 F
1211 3876 1346 3932 nominati
1362 3875 1394 3931 F

240 3961 274 4016 14
291 3962 458 4032 tigisitsmns
476 3961 696 4033 fregissemus,
715 3979 785 4018 corr.
803 3963 965 4033 tigisitanus
982 3961 1012 4014 P
1027 3962 1170 4032 tigieiacns
1189 3964 1226 4017 Μ
1296 3965 1329 4019 15
1348 3964 1390 4018 di-

237 4065 329 4106 scesaa
346 4051 374 4104 A
392 4048 516 4115 discisse,
530 4055 597 4106 ss?
614 4050 731 4108 discissa
743 4050 772 4106 P
808 4051 842 4105 18
854 4050 1020 4105 limatensis
1030 4067 1056 4103 m
1069 4050 1240 4106 liniacensis
1254 4057 1313 4105 cett.
1329 4054 1390 4109 edd.

237 4136 273 4192 23
290 4137 438 4192 manifesta
456 4140 485 4193 A
502 4155 548 4194 ma
566 4139 629 4202 (del.
649 4157 684 4194 m.
704 4145 737 4192 sat
754 4138 813 4195 uid.
833 4139 864 4208 2)
876 4139 880 4209 Ι
891 4139 1116 4194 manifestissima
1134 4138 1162 4193 R
1233 4139 1345 4194 crimine
1362 4142 1391 4195 A

274 4223 427 4289 indicando,
445 4230 512 4282 Μ
529 4225 674 4282 indicenda
692 4226 728 4283 Μ
780 4228 815 4281 24
835 4243 909 4297 paee,
927 4229 994 4280 Μ
1012 4229 1073 4296 paci
1090 4227 1119 4280 P
1172 4229 1207 4283 26
1225 4226 1310 4292 babet
1327 4228 1355 4281 A
