3309 4867
243 318 306 381 104
601 313 628 368 S.
658 315 797 370 Aureli
824 315 1045 385 Augustini

240 510 356 591 inquit,
399 509 606 574 ecclesiae
647 508 799 591 Ephesi
840 509 993 575 scribe:
1031 510 1138 574 Haec
1176 509 1292 587 dicit,
1331 511 1399 593 qui

242 619 355 679 tenet
384 617 541 697 septem
569 614 721 679 stellas
749 615 788 678 in
816 614 983 680 dexteru
1014 633 1095 694 sua,
1125 615 1193 699 qui
1216 616 1400 694 ambulat

241 721 280 785 in
313 720 445 786 medio
474 725 629 802 septem
660 720 1005 786 candelabrorum
1039 739 1272 790 aureorum:
1306 721 1399 788 Seio

242 846 363 909 opera
390 830 461 892 tna
488 830 526 891 et
553 827 733 891 laborem
761 831 801 892 at
828 825 1077 910 patientiam
1104 831 1215 894 tuam
1244 827 1401 911 etquis

242 953 316 997 non
350 938 469 1015 potes
504 932 715 998 sustinere
743 933 872 999 malos
899 939 940 1000 et
966 934 1190 1017 temptasti
1221 954 1290 1001 eos
1331 935 1444 1018 quis

148 1097 151 1106 ,
242 1062 283 1105 se
313 1041 458 1105 dieunt
487 1040 703 1123 apostolos
728 1058 818 1106 esse
844 1044 883 1106 st
905 1059 979 1106 non
1005 1044 1110 1118 sunt,
1134 1043 1173 1106 et
1195 1041 1400 1108 inuenisti

243 1166 310 1210 eos
341 1144 555 1211 mendaces
585 1148 625 1210 et
651 1143 895 1230 patienti-am
922 1131 1051 1210 habes
1077 1148 1117 1211 et
1149 1144 1401 1217 sustinuisti

243 1271 314 1316 eos
338 1254 506 1335 propter
528 1269 671 1316 nomen
694 1270 824 1316 meum
852 1255 891 1318 et
919 1269 993 1316 non
1021 1250 1233 1319 defecisti.
1263 1251 1402 1336 quodsi

243 1358 422 1442 deoangelo
450 1357 649 1440 superiorum
679 1354 842 1422 caelorum
870 1361 903 1423 et
930 1377 991 1423 non
1020 1356 1059 1423 de
1086 1358 1278 1441 praepositis
1302 1357 1400 1424 eccle

238 1465 309 1528 siae
337 1464 439 1530 uellet
463 1464 619 1548 intellegi,
645 1482 710 1534 ⁴non
740 1459 970 1548 consequenter
996 1463 1129 1530 diceret:
1149 1459 1240 1530 ‘Sed
1272 1464 1399 1531 habco
1421 1489 1448 1527 ro

243 1571 461 1635 aduersum
492 1573 543 1647 to,
577 1567 683 1652 qnod
715 1568 936 1635 caritatem
969 1573 1079 1660 tuam
1109 1569 1278 1654 primam
1310 1570 1401 1636 reli·

243 1675 386 1759 quisti.
415 1678 680 1744 memoresto
707 1675 861 1759 itaque,
889 1675 991 1741 unda
1019 1675 1235 1750 excideris,
1260 1680 1299 1740 et
1325 1694 1399 1761 age

242 1782 542 1867 paenitentiam
566 1785 606 1846 et
627 1781 757 1866 prima
780 1801 904 1864 opera
925 1782 1005 1870 fac3
1030 1781 1092 1847 sin
1111 1785 1259 1858 autem,
1278 1781 1399 1848 uenio

244 1890 324 1954 tibi
361 1893 402 1956 at
438 1887 608 1954 monebo
646 1888 936 1954 candelabrum
973 1892 1086 1954 tuum
1122 1886 1287 1953 deloco
1316 1905 1399 1953 suo.

245 1996 326 2060 nisi
353 1994 654 2079 paenitentiam
682 1994 830 2079 egeris.
858 1994 919 2060 hoc
944 1992 1163 2077 superioribus
1188 1993 1312 2079 angelis
1337 1993 1400 2059 dici
1423 2017 1446 2056 n

244 2122 306 2167 non
335 2103 451 2185 potest,
481 2101 537 2184 qui
559 2104 744 2183 perpetuam
771 2101 907 2167 retinent
929 2101 1105 2179 caritatem,
1128 2100 1212 2165 unde
1237 2100 1292 2183 qni
1316 2100 1400 2166 defe-

245 2211 358 2272 cerunt
398 2208 430 2270 st
470 2195 552 2288 lapsi
591 2209 676 2284 sunt,
714 2203 861 2272 diabolus
899 2213 950 2272 est
987 2208 1021 2271 et
1055 2205 1160 2291 angeli
1203 2205 1283 2270 eius.
1320 2225 1399 2289 ergo

244 2314 379 2395 primam
404 2312 567 2377 caritatem
592 2310 679 2388 dicit,
699 2312 776 2395 quia
793 2312 951 2378 sustinuit
968 2310 1255 2396 pseudoapostolos
1273 2316 1401 2395 propter

245 2439 358 2484 nomen
389 2417 520 2496 illinisti,
548 2437 642 2502 quam
670 2419 762 2484 iubet
789 2423 827 2485 ut
853 2421 979 2502 renuat
1000 2421 1034 2485 et
1055 2416 1154 2484 iaciat
1176 2419 1282 2501 priora
1306 2437 1399 2501 opera

244 2548 313 2593 sua.
353 2528 385 2591 et
421 2526 604 2592 obiciuntur
640 2524 733 2591 nobis
771 2524 904 2591 cumina
940 2525 1097 2590 malornm
1129 2524 1307 2602 hominnm,
1339 2543 1401 2589 non
1419 2547 1446 2590 ao

244 2637 354 2697 nostra
381 2632 439 2698 sod
470 2632 572 2697 aliena
605 2635 638 2698 et
668 2631 741 2715 ipsa
772 2632 889 2715 partim
920 2630 1093 2715 incognite
1125 2649 1208 2715 quae
1241 2630 1271 2696 si
1302 2631 1398 2696 etiam
1510 2695 1523 2721 ,

245 2759 322 2803 nera
353 2741 387 2805 et
417 2737 598 2822 praesentia
627 2736 811 2803 uideremus
846 2740 879 2802 et
910 2736 1039 2802 zizaniis
1076 2739 1206 2820 propter
1242 2736 1398 2801 frumenta

244 2849 409 2928 parcentes
432 2863 489 2927 pro
512 2844 636 2910 unitate
659 2844 880 2921 toleraremus,
904 2862 965 2908 non
991 2844 1096 2908 solum
1119 2842 1210 2908 nulla
1235 2844 1400 2927 reprehen-

245 2954 334 3017 sione
357 2950 414 3017 sed
437 2951 532 3017 etiarn
557 2970 618 3015 non
642 2970 742 3035 parua
763 2949 859 3015 laude
881 2968 939 3016 nos
964 2948 1079 3034 dignos
1102 2948 1233 3027 diceret,
1257 2948 1401 3031 quiern-

245 3078 306 3140 qne
331 3058 504 3141 scripturas
529 3061 655 3123 sanctm
678 3075 739 3122 non
763 3056 858 3123 corde
882 3056 999 3122 surdus
1027 3054 1161 3122 audiret
1228 3101 1230 3104 ψ
1419 3081 1446 3123 n

200 3168 242 3230 23
290 3165 419 3230 Tolerat
446 3166 549 3230 Aaron
578 3162 819 3228 multitudinem
842 3162 965 3230 idolum
980 3160 1167 3246 'exigentem
1192 3162 1225 3226 et
1247 3160 1399 3226 fabrican-

103 3255 104 3258 '
244 3278 310 3336 tem
339 3276 372 3336 et
400 3270 597 3344 adorantemz
626 3269 741 3335 tolerat
767 3269 898 3353 Moyses
926 3268 1082 3334 aduersus
1111 3267 1207 3333 deum
1234 3270 1285 3331 tot
1311 3267 1403 3332 milia

337 3479 369 3533 10
389 3480 471 3548 Apoe.
491 3480 517 3540 2.
536 3479 608 3533 4-6
682 3478 715 3532 16
733 3477 833 3532 Meton.
853 3478 897 3541 25,
916 3478 965 3538 41;
985 3478 1070 3546 Apoc.
1091 3477 1133 3543 12,
1153 3476 1170 3530 9
1239 3476 1274 3529 26
1294 3474 1340 3530 Ex.
1356 3476 1400 3542 62,

248 3569 315 3622 1-6
371 3568 405 3622 27
421 3566 468 3623 Er.
486 3569 527 3632 14,
544 3567 589 3632 11;
606 3567 650 3629 15,
668 3567 717 3631 24;
739 3567 781 3632 16,
800 3567 817 3621 2
838 3570 867 3621 et
884 3566 914 3630 8;
937 3566 979 3628 17,
999 3566 1082 3631 2-3;
1102 3563 1183 3621 Num.
1200 3567 1242 3628 14,
1258 3566 1288 3629 2;
1310 3566 1399 3637 16,‚41

167 3699 173 3714 ‘
284 3690 434 3745 iscribere
453 3689 508 3744 ΓΑ
574 3691 686 3757 (trram
705 3703 756 3743 om.
776 3689 895 3744 um
948 3689 1120 3758 5temptati.
1141 3704 1210 3742 corr.
1231 3691 1399 3758 61111111)-

247 3780 312 3832 taeti
336 3778 362 3830 F
454 3777 470 3831 6
490 3793 519 3831 se
539 3775 635 3832 dicuat
653 3776 675 3842 (i
691 3792 727 3832 sc·
743 3793 818 3844 ναι,
829 3777 927 3846 facitne
945 3775 999 3843 ul)
1020 3775 1050 3830 Ρ
1064 3770 1205 3840 seducunt
1225 3791 1296 3829 corr.
1315 3792 1349 3832 m.
1367 3779 1402 3828 ct

244 3870 303 3923 and.
325 3872 338 3920 1
357 3859 482 3921 sedicunt
501 3871 528 3922 A
619 3876 748 3921 esss‘oos
768 3864 809 3932 Γ,
826 3881 900 3921 scm.
921 3866 973 3920 litt.
992 3866 1112 3919 cannot
1202 3863 1356 3918 Sdelicisti
1376 3861 1405 3917 F

247 3959 280 4009 10
300 3953 487 4025 sequenterF
541 3957 574 4010 14
592 3954 657 4023 titi]
677 3953 730 4008 tibi
749 3953 856 4008 citoM
911 3954 942 4009 17
963 3958 992 4008 et
1010 3954 1056 4022 qui
1074 3951 1195 4022 lapsiM
1249 3953 1282 4007 19
1302 3967 1403 4022 oppcra

245 4063 295 4096 sna
314 4046 404 4114 priora
422 4042 459 4098 M
529 4045 562 4098 21
584 4058 653 4112 quse
672 4043 708 4112 si]
729 4043 807 4111 quasi
827 4045 854 4095 A
927 4043 962 4096 22
980 4039 1128 4095 uiderimus
1147 4041 1184 4094 M
1201 4040 1278 4111 (11.2
1296 4038 1402 4107 uidera-

246 4143 317 4196 mnsj
337 4133 362 4185 A
427 4132 462 4186 26
482 4131 629 4185 toleramus
646 4130 684 4184 M
702 4135 783 4192 (corr.
803 4134 863 4184 nat
881 4129 1071 4188 toleraremus)
1089 4130 1115 4183 A
1180 4129 1215 4183 24
1234 4145 1285 4182 nos
1304 4143 1355 4182 oni.
1375 4127 1403 4181 A

246 4224 280 4274 26
302 4220 434 4274 idolorum
456 4217 509 4273 FP
526 4218 668 4289 idollorum
687 4218 762 4273 idola
782 4219 818 4272 Μ
