3309 4867
578 352 844 427 epistularum
872 356 952 416 CXX..
1279 367 1344 433 713

190 551 250 616 sed
275 550 355 617 llaec
381 549 556 615 inuisibilia
583 550 723 634 simplici
745 551 863 617 mentis
886 555 984 636 atque

189 657 361 723 intellecta·
375 656 589 739 conspicimus
618 656 687 721 sine
716 656 790 723 ullis
817 655 988 725 formicet
1014 659 1153 727 molibus
1178 664 1345 748 corporali-

190 762 264 841 bus,
287 763 356 829 aine
379 761 457 828 ullis
484 762 680 828 liniamentis
706 762 885 849 figurisque
912 767 1139 846 membrorum,
1167 767 1235 835 sine
1267 768 1345 835 ullis

190 868 350 943 localibus
377 870 448 935 siue
479 868 595 934 finibus
625 868 695 933 siue
722 868 836 952 spatiis
858 869 1003 937 infinitis.
1031 872 1204 957 ipsumque
1225 875 1345 954 lumeni,
1460 947 1463 950 ,

162 995 255 1059 equo
287 977 403 1041 cuncta
439 973 503 1040 iste
535 973 757 1050 disoemimue,
793 974 826 1041 in
860 994 923 1059 quo
961 977 1053 1045 nobis
1091 979 1171 1045 eatis
1203 985 1345 1066 apparet,

192 1081 270 1165 quid
302 1081 468 1147 credamus
500 1080 712 1165 incognitum,
741 1080 818 1164 quid
846 1082 1012 1167 cognitum
1044 1086 1220 1169 teneamus,
1250 1106 1345 1170 quam

190 1189 327 1255 formam
347 1187 488 1276 corporis
512 1186 723 1263 recordemur,
748 1206 843 1270 quam
863 1189 1055 1274 cogitatione
1077 1189 1245 1276 fingamus,
1270 1193 1348 1277 quid
1464 1169 1470 1174 ’

192 1296 335 1380 corporis
354 1313 469 1360 seusus
483 1292 637 1378 adfingat,
652 1292 730 1377 quid
742 1293 935 1380 imaginetur
949 1295 1074 1361 animus
1093 1297 1198 1363 simile
1213 1299 1347 1383 corpori,

192 1402 271 1486 quid
290 1404 412 1467 certum
437 1403 471 1466 et
493 1399 634 1464 omnium
658 1418 826 1484 corporum
850 1401 1105 1468 dissimillimum
1127 1404 1359 1491 intellegentia,

147 1531 175 1572 1o
194 1509 438 1590 contempletur,
466 1507 526 1572 boc
551 1524 627 1591 ergo
650 1504 770 1586 lumen,
799 1506 856 1572 ubi
883 1508 963 1575 baec
986 1512 1101 1600 cuncta
1118 1510 1347 1591 ‘diiudicantun

192 1635 254 1681 uon
287 1615 398 1698 utique
431 1612 517 1679 sicut
548 1612 645 1682 huius
677 1612 755 1678 eolis
787 1617 821 1679 et
852 1615 1007 1697 cuiusque
1040 1617 1183 1702 corporei
1213 1617 1347 1685 luminis

192 1722 300 1807 fulgor
330 1739 387 1804 per
417 1719 534 1786 localia
565 1718 669 1804 spatia
701 1720 947 1804 circumquaque
976 1718 1163 1788 diffunditur
1194 1727 1348 1790 mentem

193 1846 256 1911 que
278 1832 418 1892 nosuam
439 1826 531 1909 quasi
554 1825 678 1890 uieibili
697 1826 832 1892 candore
852 1827 1039 1906 conlustrat,
1064 1829 1122 1894 sed
1143 1827 1350 1896 inuisibiliter

70 1963 75 1972 ·
193 1938 228 2000 et
258 1932 460 1999 ineffabiliter
492 1935 524 1996 et
555 1935 662 1996 tameo
694 1918 948 2017 intellegibiliter
979 1931 1067 1999 lucet
1093 1937 1223 2019 tamque
1254 1935 1347 2006 nobie

145 2059 175 2104 aa
195 2043 317 2107 certum
341 2042 402 2116 est,
431 2057 527 2121 quam
554 2038 646 2108 nobie
675 2038 781 2103 olfecit
804 2041 900 2116 certa,
929 2058 1010 2123 quae
1039 2041 1214 2113 secundum
1240 2042 1346 2127 ipsum

194 2152 309 2214 cuncta
331 2146 557 2229 conspicimus.
610 2177 613 2192 ·
986 2181 990 2186 -
1315 2159 1320 2178 ⁸
1376 2148 1379 2151 ’

68 2251 146 2330 ,11
239 2253 322 2321 Cum
352 2253 453 2337 igitur
479 2252 541 2316 tria
568 2252 633 2316 sint
658 2270 765 2316 rerum
793 2270 918 2334 genera,
949 2269 1029 2335 quae
1058 2253 1216 2333 uidentur,
1248 2273 1348 2321 annon

195 2360 417 2444 corporalium,
451 2358 537 2423 elcut
568 2361 644 2423 eunt
671 2358 796 2422 caelum
824 2361 858 2422 et
885 2361 969 2424 terra
996 2362 1030 2423 et
1057 2359 1207 2443 quicquid
1239 2359 1270 2424 in
1301 2360 1347 2426 eis

195 2484 365 2550 corporeus
389 2483 508 2532 seusus.
524 2464 625 2530 ceruit
642 2468 676 2528 et
697 2464 810 2548 tangit,
834 2465 971 2534 alterum
994 2464 1099 2530 simile
1122 2464 1349 2547 corporalibus,

149 2599 177 2640 ao
196 2573 283 2638 sicut
305 2573 381 2637 suut
400 2567 447 2649 ea,
467 2589 548 2653 quae
567 2570 681 2653 spiritu
702 2570 842 2654 cogitata
862 2569 1077 2654 imaginamur
1100 2570 1169 2639 siue
1186 2571 1351 2637 recordata

85 2765 86 2772 ἵ
196 2679 248 2746 uel
268 2678 377 2745 oblata
394 2677 486 2761 quasi
505 2695 638 2761 corpora
656 2680 852 2752 contuemur,
877 2675 961 2741 unde
986 2679 1062 2741 eunt
1081 2676 1178 2742 etiem
1195 2677 1371 2753 uisiones,
1423 2753 1427 2760 ‚

195 2804 277 2869 quae
305 2785 359 2850 uel
385 2785 418 2849 in
447 2783 567 2850 somnis
596 2782 649 2848 uel
677 2781 709 2846 in
738 2782 845 2864 aliquo
874 2782 991 2847 mentis
1020 2800 1153 2848 excessu
1179 2782 1230 2849 his
1258 2784 1350 2867 quael

194 2892 353 2957 localibus
377 2888 610 2974 quantitatibus
634 2888 830 2974 ingeruntur,
859 2887 989 2953 ornum
1013 2888 1211 2972 abutroque
1234 2888 1350 2955 diecre-

195 3001 277 3074 tum,
297 2997 383 3080 quod
401 2997 504 3079 nequae
524 2996 568 3060 sit
586 3013 702 3076 corpus
725 3013 826 3077 aeque
850 2994 967 3059 habeat
984 2993 1085 3060 ullam
1108 2994 1350 3060 similitudinem

929 3121 935 3160 ι
1254 3121 1258 3130 .

234 3189 421 3256 lintentiona
439 3203 500 3249 orn,
519 3202 541 3241 e.
559 3203 586 3239 ee.
608 3185 674 3241 cdd.
689 3185 716 3238 P
752 3184 906 3240 2modulia
923 3184 1050 3255 agappa
1067 3181 1209 3241 codst'cc.
1245 3186 1349 3255 laiac]

196 3279 256 3333 aine
269 3277 305 3345 0,·
314 3293 365 3332 om.
377 3275 438 3332 edd.
448 3281 562 3346 practer
571 3291 598 3327 ea
647 3273 758 3342 finibus]
773 3273 859 3328 linitis
869 3290 896 3326 m
946 3274 1016 3343 siue]
1030 3275 1088 3328 aine
1102 3271 1195 3327 Oeclei.
1200 3279 1315 3342 praeter
1324 3287 1350 3326 m

197 3367 214 3420 ‘l
228 3365 356 3436 corporis,
368 3381 458 3434 acepta
471 3365 517 3434 (m.
528 3361 579 3430 17)
594 3379 676 3417 aeneo
688 3362 768 3431 oeno
782 3362 855 3416 inter
868 3361 982 3416 formam
997 3368 1022 3417 et
1037 3361 1156 3431 corporis
1169 3360 1311 3416 interiecto
1328 3362 1352 3416 0

233 3454 414 3526 cogitatione]
434 3452 632 3522 cogitationem
650 3449 769 3519 corporis
788 3450 881 3504 ΡΤΤι
973 3449 991 3504 8
1008 3450 1175 3520 imaginatur
1192 3449 1220 3502 B
1292 3465 1350 3503 cor·

197 3544 270 3613 pori·
285 3548 309 3608 (a
327 3546 410 3608 arae.)
428 3540 457 3594 B
519 3538 729 3594 9diesimilium
752 3538 786 3592 Τ1
858 3537 1051 3607 intellegentia
1069 3554 1121 3592 om.
1144 3537 1179 3593 T·
1245 3538 1278 3592 12
1297 3537 1350 3592 lal-

198 3647 265 3701 gora
282 3629 409 3701 Eugippi
425 3627 483 3684 cod.
509 3627 571 3682 Vct.
653 3627 687 3681 13
706 3626 864 3688 conlustrat,
883 3629 950 3679 m.2
966 3626 1088 3679 illustrat
1106 3625 1134 3679 B
1151 3625 1273 3680 illustrat
1290 3626 1351 3679 ellel.

193 3724 336 3790 praetem
387 3719 420 3772 14
438 3716 626 3786 intelligenter
643 3714 760 3769 OPTY‘
831 3713 1187 3785 temque1tanqoaroTT¹
1259 3713 1350 3782 uobis]

197 3808 289 3864 uerbis
309 3806 425 3863 ΟΡΤΤι
481 3808 513 3860 15
533 3804 617 3859 allicit
638 3803 701 3859 ΟΤι
723 3802 784 3859 edd.
805 3803 930 3873 Eugippe‘
947 3802 1007 3860 cod.
1031 3802 1094 3857 Vct.
1114 3801 1205 3856 elflcet
1223 3801 1351 3871 Eeefippi

198 3898 258 3953 cod.
276 3896 372 3952 Amba.
448 3892 646 3964 17sioa1sB
738 3908 825 3946 rerum
846 3909 898 3946 om.
920 3890 1009 3947 ΟΤΤι
1087 3891 1120 3945 18
1139 3884 1214 3960 sunt]
1233 3889 1307 3943 hanc
1324 3889 1352 3943 B

198 3985 324 4055 Euqippa‘
346 3983 405 4038 cod.
429 3983 523 4037 Pcn'e.
547 3983 641 4036 noea
663 3982 696 4035 ec
717 3980 829 4038 Vercell.
851 3980 904 4034 hoc
929 3977 1045 4034 ΟΡΊὟι
1069 3977 1130 4033 edd,
1149 3977 1350 4046 Eugippiani.

204 4074 268 4128 Vct.
287 4078 313 4127 et
330 4072 444 4138 Ambr.,·
461 4071 564 4126 malaci
583 4074 647 4124 sunt
701 4068 784 4138 terra]
804 4069 873 4123 baec
886 4067 1034 4124 tomedo
1049 4073 1163 4136 practer
1177 4083 1220 4120 ce
1254 4066 1287 4120 21
1304 4066 1378 4142 olo-¹

198 4162 251 4218 lita
271 4160 425 4217 OPTT¹aa
494 4174 624 4228 corporea
643 4165 670 4220 (c
689 4157 808 4227 euplo
862 4157 898 4211 22
918 4171 1032 4210 excessu
1047 4154 1193 4209 montisi)
1254 4154 1308 4208 hiis
1330 4157 1357 4215 (¹,

200 4252 235 4307 24
254 4249 338 4304 ullam
356 4248 458 4303 habeat
475 4247 535 4304 edd.
553 4252 666 4316 praeter
684 4262 726 4299 ae
924 4259 927 4270 ·
