3309 4867
546 408 815 490 epistularum
844 404 1015 465 Lxxxtm.
1293 416 1359 481 417

203 618 279 684 ergo
303 602 421 668 melius
444 602 514 685 ipse
536 602 718 685 imperator,
742 602 797 686 qtri
821 622 882 667 uon
910 607 959 668 eet
981 602 1100 669 eisdem
1128 604 1256 688 legibus
1285 606 1359 670 sub-

204 708 290 774 ditus
315 710 425 792 etqui
449 708 545 775 hebet
565 708 598 773 in
621 710 781 791 potestate
805 698 885 774 elios
908 710 996 795 leges
1019 711 1111 788 ferre,
1136 730 1209 777 curn
1233 711 1261 776 ei
1286 731 1362 778 cou-

203 815 281 879 letio
319 818 428 880 uestra
468 812 566 879 fuerit
606 813 752 889 recitate,
794 811 835 878 'de
875 818 945 880 tots
989 815 1060 898 ipse
1106 835 1203 882 ceusu
1242 817 1360 900 poterit
1393 874 1396 887 .

203 908 353 1001 iudicare,
379 920 526 1004 quamuis
550 921 614 985 iem
643 918 719 984 olim
748 917 834 985 dieta
861 920 959 993 fuerit
984 922 1166 1009 terminata!
1200 924 1255 988 sed
1287 923 1359 988 ideo

170 1046 263 1095 suos
296 1027 436 1095 conferre
469 1028 632 1104 uolumus,
660 1046 721 1091 non
751 1031 787 1091 ut
815 1045 912 1092 cause
940 1029 1055 1112 iterum
1079 1028 1217 1108 finiatur,
1242 1030 1298 1095 sed
1321 1034 1360 1095 ut

204 1135 261 1211 eis,
294 1133 349 1218 qui
381 1134 537 1214 nesciunt,
564 1132 628 1197 iam
656 1132 746 1196 finite
772 1134 978 1199 monstretur.
1002 1135 1086 1217 quod
1116 1136 1144 1201 si
1172 1137 1232 1202 troo
1255 1136 1359 1201 fecere

203 1241 303 1307 nostri
335 1240 478 1323 episcopi
511 1239 682 1316 noluerint,
716 1238 792 1322 quid
826 1239 899 1305 iude
931 1241 1063 1324 perditis
1096 1245 1129 1307 et
1161 1262 1222 1307 non
1250 1243 1358 1325 potius

204 1346 383 1431 adquiritis
400 1347 475 1430 quis
495 1346 644 1411 uoluntas
664 1349 773 1416 uestra
791 1346 973 1424 innotescit,
992 1367 1032 1412 ne
1051 1347 1228 1413 diffidentie
1246 1350 1359 1414 merito

202 1454 474 1537 reprehendatur?
497 1472 535 1517 su
559 1453 641 1516 forte
664 1453 786 1534 putetis
802 1439 880 1519 'nou'
895 1453 992 1520 licere
1014 1452 1093 1532 deri,
1118 1474 1191 1520 curu
1215 1475 1274 1521 non
1298 1475 1359 1521 rios

155 1580 184 1624 ro
202 1560 322 1639 lateat,'
347 1560 432 1644 quod
465 1560 618 1625 dominus
643 1560 789 1625 Christus
823 1559 918 1625 etiem
952 1579 1025 1625 curn
1058 1560 1183 1626 diabolo
1217 1562 1255 1627 de
1286 1563 1359 1646 lege

201 1667 331 1732 locutus
355 1670 414 1743 est,
440 1666 525 1750 quod
549 1685 621 1731 curn
646 1666 746 1731 Peulo
770 1683 831 1731 non
856 1668 961 1731 solum
984 1667 1096 1732 Iudaei
1120 1668 1175 1733 sed
1199 1670 1295 1733 etism
1319 1668 1358 1733 de

111 1756 119 1764 ’
202 1774 325 1851 haeresi
349 1774 530 1842 Stoicorum
555 1778 588 1838 et
610 1774 838 1856 Epicureorum
862 1774 1043 1859 philosophi
1072 1776 1218 1859 gentium
1246 1780 1358 1841 eontu-

201 1880 328 1949 lerunt?
362 1900 401 1945 on
434 1880 515 1945 forte
548 1881 629 1945 istae
657 1880 745 1964 leges
773 1868 973 1963 imperatoris
1001 1901 1060 1947 uos
1085 1901 1146 1946 uon
1170 1882 1359 1965 permittunt

202 1990 329 2053 nostros
353 1987 521 2072 episcopos
546 1986 736 2051 conuenire?
766 2004 840 2052 ecce
868 1987 995 2051 interim
1024 1986 1192 2070 episcopos
1221 1993 1357 2069 nostros,

153 2114 183 2156 es
202 2094 258 2177 qui
291 2096 366 2177 sunt
398 2092 430 2158 in
464 2078 592 2177 regione
624 2092 851 2175 Hipponiensis
880 2094 935 2158 ubi
964 2114 982 2158 e
1009 2096 1126 2160 uestris
1159 2100 1247 2160 teuta
1275 2097 1358 2161 male

201 2198 352 2281 potimur,
390 2182 567 2263 conuenite.
609 2201 727 2281 queuto
765 2198 848 2262 enirn
887 2198 1036 2264 licentius
1075 2204 1107 2263 et
1144 2198 1275 2265 liberius
1318 2201 1358 2265 ed

202 2324 260 2369 uos
301 2324 358 2389 per
399 2307 524 2370 uestros
565 2307 675 2369 uestra
718 2296 838 2386 scripta
879 2324 974 2388 quern
1016 2325 1125 2370 eorum
1168 2325 1253 2371 arma
1289 2327 1357 2390 per·

202 2412 348 2477 ueniunt!

105 2512 147 2575 ll
247 2518 413 2584 Postremo
451 2532 507 2602 per
542 2512 623 2582 istos
660 2517 749 2602 ipsos
787 2519 902 2583 iratres
941 2504 1190 2601 nostroe,‘quos
1223 2518 1262 2583 ed
1297 2537 1356 2584 uos

153 2645 182 2685 so
200 2623 362 2701 misimus,
386 2624 465 2689 talia
487 2617 661 2689 rescribite.
690 2624 718 2688 ei
742 2628 849 2689 eutem
874 2628 907 2688 et
929 2624 989 2689 hoe
1011 2611 1074 2689 'non
1099 2625 1211 2704 uultis,
1240 2626 1357 2691 saltem

202 2749 276 2795 curu
308 2732 436 2809 uestris,
465 2751 483 2796 s
510 2728 626 2815 quibus
659 2729 737 2795 telio
768 2731 918 2814 petimur,
951 2749 1008 2795 nos
1041 2730 1160 2798 audite.
1199 2731 1357 2796 ostendite

201 2834 294 2901 nobis
317 2837 497 2915 ueritatem,
520 2824 664 2920 proque
687 2854 746 2901 uos
770 2837 836 2920 peti
862 2836 968 2910 dicitis
991 2837 1257 2919 persecutionem,
1282 2855 1357 2902 curu

200 2942 360 3025 potiemur
392 2962 449 3008 nos
482 2945 662 3007 uestrorum
695 2946 815 3007 tentem
849 2930 1098 3007 crudelitatem.x
1120 2942 1149 3007 si
1181 2942 1265 3006 enirn
1299 2962 1378 3022 uos,

201 3064 273 3112 esse
309 3049 341 3112 in
379 3068 482 3114 errore
514 3048 729 3123 conuiceritis,
761 3049 843 3113 forte
877 3048 1056 3114 concedetis
1089 3047 1194 3127 nobis,
1228 3052 1264 3112 ut
1295 3067 1356 3113 non

148 3153 434 3238 ss'rebeptizemur
466 3174 485 3220 a
521 3155 626 3229 uobis,
663 3154 785 3218 iustum
824 3154 1052 3227 existunentes,
1090 3155 1128 3216 ut
1166 3152 1258 3218 nobis
1295 3154 1355 3218 hoe

198 3262 379 3342 praestetis,
418 3262 472 3344 qrri
504 3261 658 3344 baptizoti
691 3261 814 3326 sumus'
838 3260 876 3325 eb
912 3260 968 3337 eis,
1001 3255 1081 3342 q'uos
1116 3260 1203 3325 nulio
1236 3259 1355 3353 indicio

198 3365 387 3447 (temnentis,
411 3370 496 3452 quod
526 3368 735 3450 praestitistis
764 3367 821 3471 eis,
851 3386 931 3451 quos
955 3346 1133 3432 dolicianus
1157 3366 1355 3431 Mustitenus

290 3558 323 3613 10
341 3556 442 3613 Mettis.
460 3555 486 3621 4,
507 3554 596 3607 1-10
651 3556 682 3609 ll
700 3555 763 3638 dot.
785 3557 826 3644 η,
849 3556 954 3610 17-18

236 3666 398 3745 lnubditis,
417 3696 486 3735 corr.
505 3678 710 3733 m.1subditue
729 3679 766 3733 M
836 3683 852 3733 5
873 3698 921 3734 uos
941 3681 1001 3736 edd.
1017 3687 1167 3750 praetorne
1230 3680 1247 3735 6
1266 3676 1366 3748 quedl·

191 3770 318 3839 ‚quoeM
353 3769 469 3824 inestri
487 3768 766 3838 episcopi=.noluerint
783 3768 845 3822 cdd.
896 3769 1093 3824 uolueruutM
1128 3769 1312 3822 8innotescet
1327 3768 1353 3819 A

165 3856 231 3913 '11
252 3858 669 3929 Peu10]pauloepostoloPm
713 3858 746 3911 13
764 3859 849 3928 ipseo.
869 3846 1165 3927 mneuprot'istest
1203 3857 1238 3911 14
1251 3855 1356 3923 urnsP

235 3950 406 4013 nestrosoe'
444 3948 475 4000 15
493 3946 640 4016 ippoiienei
659 3945 696 3998 Μ
713 3947 857 4016 ipponensi
877 3949 904 4002 u
924 3947 1092 4020 Hipponensi
1111 3945 1172 3999 edd.
1238 3944 1271 3999 16
1284 3959 1353 4015 pon·

196 4036 340 4113 uenientes
360 4038 386 4090 A
477 4036 511 4089 ‘23
531 4035 650 4105 petimur
668 4034 729 4089 Mn
844 4036 879 4089 24
898 4036 926 4088 in
946 4033 1033 4089 errore
1053 4034 1228 4089 conuiceritis
1248 4048 1307 4085 esse
1326 4031 1353 4085 R

234 4126 413 4180 condiceretis
433 4125 515 4193 (sici)
534 4125 561 4177 A
638 4123 788 4177 conceditis
808 4122 892 4178 FAP
908 4123 969 4176 edd.
986 4130 1135 4193 praem-m
1224 4122 1258 4175 ‘20
1278 4120 1352 4173 nullo

195 4214 278 4269 modo
297 4215 389 4286 aliquo
408 4215 509 4269 iudicio
528 4213 556 4267 R
611 4214 645 4266 ‘27
665 4212 811 4277 damnetis,
832 4229 901 4266 corr.
922 4217 980 4265 nul
998 4212 1148 4265 dernnestis
1168 4210 1198 4264 F
1273 4198 1353 4277 quos]

196 4303 279 4375 quod,
298 4320 368 4359 corr,
388 4305 432 4369 (ιιι.
446 4300 495 4370 17)
516 4319 584 4372 qnos
603 4302 638 4355 M
710 4302 877 4417 rpustetinue
898 4304 924 4354 A

223 4428 342 4479 xxxuu,
358 4430 417 4478 sog.
433 4432 488 4469 sees.
504 4427 527 4467 u
541 4438 592 4478 pm
608 4430 627 4468 s
688 4445 694 4465 .
1282 4405 1316 4456 ‘Ji
