3309 4867
559 430 825 501 epistulerum
854 428 947 485 cm.
975 429 1055 487 CXX.
1317 432 1381 497 705

230 625 305 689 dem
323 628 432 692 noetm
450 624 616 708 opuscula,
641 644 722 708 quae
740 624 912 691 arbitratus
936 644 1009 691 sum
1027 626 1086 692 tibi
1103 645 1177 693 esse
1195 625 1383 704 necessarie,

230 749 294 796 non
320 730 433 820 procul
455 750 475 796 a
496 723 588 798 nobis
615 734 744 815 positus
771 731 828 797 sed
854 730 965 814 potius
989 733 1073 817 epud
1099 752 1157 800 uos
1184 733 1318 819 legeres,
1345 741 1385 798 ut

231 855 279 915 ea,
312 855 392 921 quae
424 837 505 904 forte
529 838 645 904 'minus
676 836 901 920 intellexisses,
933 857 996 904 non
1031 837 1204 905 difficulter
1233 856 1383 924 praesens

200 950 204 960 ’
230 943 552 1027 interrogarentque
566 962 603 1009 ex
616 944 726 1010 nostre
738 942 1000 1014 sermocinatione
1014 938 1190 1027 mutuoque
1204 941 1384 1027 conloquio,

201 1052 388 1130 equantum
412 1047 560 1115 dominns
584 1053 618 1115 et
643 1049 736 1114 uobis
762 1068 907 1132 promere
930 1052 964 1115 et
991 1049 1049 1116 tibi
1072 1067 1183 1133 capere
1205 1047 1383 1130 tribuisset,

233 1155 311 1241 qnid
331 1156 365 1221 in
391 1155 482 1222 libris
504 1157 572 1222 tuis
597 1156 827 1222 emendandum
851 1160 947 1235 esset,
975 1156 1044 1240 ipse
1067 1173 1287 1242 cognosceres,
1315 1147 1385 1239 ipse
1420 1239 1425 1249 Ι

233 1263 427 1329 emendares.
451 1262 521 1329 eius
539 1263 658 1347 quippe
676 1281 710 1327 es
733 1262 908 1340 facultatis,
933 1266 971 1329 ut
992 1263 1114 1347 possis,
1132 1281 1214 1349 quae
1237 1262 1385 1341 senseris,
1445 1287 1447 1292 ’

233 1369 400 1453 explicare,
435 1369 504 1434 eius
535 1388 629 1451 porro
660 1368 830 1451 probitatis
863 1376 898 1435 et
928 1369 1133 1446 humilitatis,
1166 1373 1205 1435 ut
1235 1368 1385 1435 merearis

233 1494 312 1541 uere
341 1474 468 1541 sentire.
501 1478 535 1541 et
565 1495 649 1542 nnnc
680 1476 714 1541 in
742 1475 851 1540 eedem
886 1494 969 1552 sum,
1002 1495 1082 1561 quac
1114 1495 1172 1542 nec
1202 1476 1262 1541 tibi
1291 1473 1385 1540 debet

189 1609 217 1651 ro
234 1579 412 1665 displicere,
435 1580 604 1657 sententis,
632 1580 716 1647 unde
738 1585 770 1645 te
793 1599 894 1664 nuper
916 1579 1077 1662 admonui,
1105 1585 1143 1648 ut
1164 1581 1196 1647 in
1220 1580 1282 1661 his,
1306 1598 1386 1664 quue

235 1684 369 1752 anobis
385 1686 550 1751 elaboratu
572 1686 657 1769 apud
674 1688 707 1752 te
729 1686 822 1772 legis,
847 1687 938 1772 signa
960 1686 1059 1755 tucius
1082 1687 1122 1753 ud
1141 1706 1180 1753 sa
1200 1687 1281 1763 loce,
1306 1704 1386 1769 quae

234 1795 269 1858 te
297 1799 440 1871 mouent,
464 1797 497 1857 et
520 1811 593 1858 cum
616 1777 667 1858 iis
691 1793 731 1859 ad
754 1794 939 1859 menenius
964 1797 996 1858 et
1019 1793 1058 1860 de
1084 1793 1221 1881 singulis
1244 1787 1397 1878 quaeras.

235 1896 376 1966 noudum
404 1917 485 1982 quae
512 1898 629 1977 fecisti,
658 1900 815 1978 exhortor,
844 1903 883 1966 ut
909 1899 1019 1966 iscius.
1046 1904 1132 1965 recte
1156 1899 1273 1984 quippe
1299 1916 1388 1963 uere-

237 2003 419 2076 cuudsrerie
438 2023 479 2069 sc
502 2010 534 2070 te
562 2007 687 2091 pigeret
712 2006 746 2070 id
774 2024 880 2091 agere,
906 2006 935 2071 si
962 2007 1015 2072 uel
1043 2007 1143 2072 semel
1171 2005 1332 2071 uoluisses
1356 2006 1388 2070 et

191 2132 219 2174 ns
236 2127 289 2193 me
307 2109 471 2176 difficilem
493 2112 699 2194 repperisses.
723 2109 804 2176 illud
822 2129 951 2196 qnoque
969 2111 1117 2192 dixeram,
1141 2130 1215 2178 cum
1239 2130 1257 2175 a
1278 2115 1311 2176 te
1335 2129 1389 2175 au·

237 2216 367 2297 diesem,
386 2215 471 2300 quod
490 2217 745 2284 mendosissimis
763 2217 944 2303 fatigareris
963 2217 1136 2296 codicibus,
1160 2221 1199 2283 ut
1220 2217 1253 2282 in
1271 2218 1388 2283 nostris

236 2322 370 2409 legeres,
394 2342 474 2409 quos
498 2324 729 2390 emendatiores
752 2342 866 2407 posses
890 2322 1005 2420 ceteris
1028 2324 1181 2392 inuenire.

169 2427 190 2492 2
277 2426 376 2507 ,Quod
407 2434 515 2495 entem
547 2431 641 2516 petis,
674 2433 712 2495 ut
739 2430 958 2513 quaestionem
990 2430 1153 2509 trinitatis,
1185 2429 1246 2497 hoc
1274 2433 1324 2495 est
1350 2429 1390 2494 de

237 2535 360 2602 unitate
383 2536 562 2602 diuinitatis
586 2539 620 2630 et
642 2537 833 2603 discretione
859 2545 1065 2621 personarum
1088 2540 1181 2603 cento
1207 2536 1391 2621 prudenter-

190 2664 220 2705 ιο
237 2661 300 2727 que
335 2643 516 2724 discutiam,
554 2646 590 2709 ut
627 2642 788 2710 doctrinae
824 2662 925 2722 mese,
964 2643 1048 2709 sicut
1079 2643 1171 2721 dieis,
1207 2642 1391 2728 ingeniique

226 2749 393 2816 *serenitas
416 2748 463 2816 ita
481 2748 630 2815 nebulam
649 2754 776 2816 uestrae
798 2749 916 2815 mentis
935 2749 1107 2835 abstergat,
1130 2752 1178 2827 ut,
1203 2748 1288 2832 qnod
1306 2766 1392 2813 nuuc

238 2856 378 2942 cogitare
405 2873 467 2921 non
495 2857 643 2939 potestis,
671 2854 908 2941 intellegentiae
931 2873 951 2919 e
972 2874 1024 2920 me
1051 2854 1170 2921 lumine
1194 2855 1391 2920 declaratum

238 2961 342 3028 oculis
366 2960 503 3046 quodam
527 2962 622 3028 modo
650 2962 759 3028 uidere
786 2960 933 3046 possitis,
960 2961 1035 3027 uide
1061 2966 1161 3044 prius,
1190 2963 1298 3026 utrum
1325 2958 1392 3024 iste

238 3053 353 3152 pe’titio
390 3081 463 3133 cum
500 3073 558 3134 tue
599 3068 761 3155 superiore
798 3067 982 3133 definitione
1020 3068 1199 3135 concordet.
1242 3065 1390 3150 superius

192 3196 221 3238 ss
240 3173 357 3258 qnippe
379 3172 412 3237 iu
436 3173 545 3240 eudem
563 3161 640 3259 ‘ipsa
662 3173 810 3256 epistula,
840 3173 871 3238 in
895 3191 960 3257 qus
982 3173 1044 3238 hoc
1066 3172 1160 3255 petis,
1184 3169 1268 3256 apud
1290 3171 1391 3234 temet

237 3281 342 3364 ipsum
376 3279 525 3347 definisse
556 3284 589 3346 te
621 3279 702 3346 dicis
729 3279 908 3346 ‘ueritatem
937 3298 974 3343 ex
1004 3278 1066 3344 fide
1098 3278 1203 3363 magis
1231 3294 1325 3359 quem
1353 3293 1390 3339 ex

329 3539 434 3595 re-ee
453 3563 487 3587 =
506 3556 532 3611 p.
552 3538 722 3626 ause-713
794 3537 892 3608 eo-p.
913 3537 1009 3608 rosc
1030 3562 1063 3638 ᾗ
1083 3554 1108 3606 p.
1128 3535 1190 3599 see,
1211 3536 1281 3606 1,-e

273 3700 399 3771 ‘lpotius
417 3715 468 3755 om.
491 3698 527 3753 Τ*
577 3699 647 3770 ies]
663 3700 718 3754 et)
790 3699 875 3770 quse}
892 3715 924 3753 es
943 3715 1011 3768 quse
1029 3697 1144 3753 ΟΡΤΤι
1163 3695 1224 3751 edd.
1275 3695 1390 3751 idebet

237 3805 288 3846 om.
308 3788 336 3842 P
385 3789 415 3842 11
436 3787 615 3843 elaboreteB
671 3782 705 3841 13
717 3785 868 3858 nondumq.
879 3786 971 3842 iecisti
985 3792 1015 3842 et
1028 3784 1193 3842 exhortorB
1243 3784 1276 3838 17
1291 3784 1388 3839 octaris

237 3875 371 3948 posecsT
404 3876 440 3930 21
454 3875 613 3946 abstergeat
630 3880 716 3944 (poet.
731 3893 746 3930 e
764 3875 832 3930 radi
849 3880 956 3945 coepta)
971 3876 1014 3945 B,-
1031 3877 1066 3943 cs.
1081 3893 1111 3945 p.
1134 3877 1202 3938 704,
1220 3875 1253 3926 11
1290 3861 1388 3943 22ρό-

237 3966 284 4020 tus
304 3964 393 4020 ΟΤΤι
415 3967 517 4034 poteris
539 3966 568 4018 P
591 3970 671 4035 putes
693 3964 755 4018 edd
774 3963 924 4032 praetem
1005 3963 1143 4018 declarato
1167 3961 1252 4016 oculis
1271 3960 1386 4030 quodam

236 4044 317 4108 modo
331 4052 423 4107 nidere
441 4052 554 4122 possitis
572 4050 600 4105 B
618 4050 809 4107 declsrstionis
828 4050 947 4122 quodam
966 4051 1046 4110 modo
1061 4050 1154 4105 uidere
1168 4050 1257 4121 poesie
1273 4047 1387 4104 ΟΡΤΤΙ

236 4141 298 4196 edd.
312 4147 475 4210 praetem
492 4143 528 4209 cf.
542 4158 573 4210 p.
592 4143 660 4202 704,
679 4143 716 4196 12
781 4140 816 4196 28
831 4141 906 4212 prius
925 4151 978 4198 uss.
996 4139 1031 4195 Τι
1091 4140 1127 4195 24
1140 4138 1273 4209 superiori
1287 4135 1387 4192 difflui·

237 4230 313 4286 tione
330 4227 474 4297 OPTT¹s
486 4230 619 4300 superiori
638 4228 798 4285 definitione
817 4234 877 4286 esti.
897 4227 958 4285 edd.
1013 4228 1048 4284 28
1067 4226 1201 4284 diffinisse
1219 4224 1284 4280 PT¹
1357 4233 1388 4278 ex

237 4317 291 4373 ide
308 4318 454 4374 ueritatem
471 4317 560 4389 mule
582 4316 673 4374 022ἰ
693 4316 753 4374 edd.
774 4331 805 4371 ex
821 4307 877 4372 dde
895 4316 984 4386 magis
1002 4317 1147 4372 ueritstem
1165 4313 1194 4370 P

266 4441 383 4489 mliii,
393 4441 454 4493 Aug.
464 4445 520 4484 sest.
531 4443 647 4492 lupone.
1195 4409 1208 4432 Ι
1316 4421 1352 4475 45
