3309 4867
571 343 661 407 20
1291 337 1347 393 8.
1402 337 1684 393 Aureli
1735 335 2176 407 Augustini

572 533 882 618 propheta
924 551 1048 599 non
1101 531 1250 597 uult
1300 530 1664 616 inpinguati
1719 533 1940 613 caput3
2005 530 2098 597 ita
2152 531 2322 597 euim
2377 531 2562 598 dicit:
2612 532 2876 597 Emen-

573 641 808 707 dabit
880 659 998 706 me
1070 638 1351 705 iustus
1422 639 1502 705 in
1574 638 2157 706 misericordia
2228 643 2308 706 et
2368 644 2662 725 arguet
2722 657 2871 712 mez

576 748 838 814 oleum
931 748 1197 813 autem
1289 746 1762 828 peccatoris
1855 765 2003 811 non
2095 746 2541 832 inpinguet
2629 749 2878 829 caput

572 873 850 920 meum.
932 853 1186 919 mauult
1257 853 1426 918 enim
1499 870 1727 918 seuera
1801 852 2235 918 misericordia
2303 852 2463 919 iusti
2535 853 2875 928 emendari,

576 979 770 1044 quam
842 960 971 1026 leni
1045 958 1434 1026 adulationis
1507 958 1809 1024 unctione
1881 958 2147 1026 laudari.
2223 959 2392 1025 unde
2457 960 2651 1026 etiam
2714 958 2878 1024 illud
2950 981 2978 1019 ι

574 1065 1025 1150 propheticum
1071 1069 1198 1131 est:
1249 1063 1400 1146 Qui
1453 1082 1611 1130 ·uos
1675 1062 1974 1129 felices
2031 1063 2339 1141 dicunt,
2395 1065 2474 1131 in
2533 1083 2877 1131 errorem

578 1191 725 1238 uos
792 1171 1156 1238 mittunt.
1221 1172 1495 1255 ideoque
1551 1170 1629 1236 de
1684 1170 1961 1249 homine,
2019 1190 2208 1254 quem
2274 1170 2471 1237 falsae
2537 1170 2881 1237 blanditiae

577 1278 823 1344 faciunt
867 1276 1301 1363 adrogantem,
1339 1280 1511 1342 recte
1558 1277 1754 1342 etiam
1801 1276 1999 1362 uulgo
2050 1277 2315 1344 dicitur:
2352 1277 2595 1344 ‘Creuit
2638 1279 2878 1363 caput';

578 1382 1028 1469 inpinguatum
1094 1386 1198 1448 est
1260 1382 1427 1448 enim
1492 1382 1632 1449 oleo
1697 1383 2073 1466 peccatoris,
2140 1384 2262 1449 hoc
2325 1389 2428 1449 est
2478 1404 2602 1450 non
2659 1403 2882 1467 aspera

578 1490 857 1556 ueritate
911 1489 1286 1575 corrigentis
1343 1489 1456 1555 sed
1499 1489 1627 1555 leni
1676 1488 1957 1555 falsitate
2002 1489 2344 1557 laudantis.
2401 1510 2605 1574 neque
2651 1490 2773 1555 hoc
2815 1490 2880 1554 in
2925 1512 2978 1551 10

580 1616 719 1664 eam
794 1601 1043 1681 partem
1113 1599 1265 1679 peto
1338 1595 1640 1680 accipias,
1716 1596 1901 1677 quasi
1965 1614 2084 1680 ego
2149 1602 2213 1660 te
2279 1616 2316 1661 a
2375 1596 2568 1662 fratre
2636 1594 2881 1661 Euodio

578 1709 910 1788 tamquam
966 1724 1002 1769 a
1054 1704 1229 1770 iusto
1294 1702 1702 1769 emendatum
1767 1702 2059 1787 intellegi
2123 1703 2341 1769 uelim.
2405 1723 2632 1770 uereor
2693 1704 2880 1780 enirn,

579 1830 659 1875 ne
714 1828 817 1876 me
872 1828 1125 1893 quoque
1179 1809 1426 1893 aliquid
1477 1808 1943 1876 contumeliose
2006 1810 2071 1873 in
2138 1812 2203 1875 te
2268 1809 2476 1875 dicere
2540 1810 2884 1884 existimes,

582 1916 754 2000 quod
815 1916 1230 1983 uehementer
1291 1934 1511 1994 cauco,
1587 1918 1901 1999 quantum
1972 1935 2260 2000 possum.
2335 1916 2449 1981 sed
2508 1918 2723 1981 iustus
2787 1919 2885 1979 est

580 2022 714 2100 ille,
789 2018 902 2105 ciui
975 2021 1160 2087 dixit:
1219 2022 1383 2107 Ego
1458 2041 1629 2088 sum
1703 2021 2039 2088 ueritas.
2113 2017 2331 2105 itaque
2396 2021 2473 2086 de
2540 2021 2887 2087 cuiuslibet
2926 2045 2978 2084 ιι

582 2128 859 2194 hominis
909 2147 1014 2194 ore
1059 2128 1245 2194 nobis
1293 2146 1517 2193 uerum
1565 2146 1712 2194 cum
1760 2128 1974 2211 aliqua
2018 2129 2364 2212 asperitate
2410 2128 2715 2203 sonuerit,
2762 2145 2883 2192 non

583 2234 664 2300 ab
710 2234 824 2300 illo
870 2234 1145 2327 homine,
1196 2233 1307 2318 qui
1351 2233 1515 2300 forte
1561 2238 1862 2316 peccator
1913 2238 2033 2311 est,
2090 2234 2205 2300 sed
2260 2235 2337 2300 ab
2393 2236 2534 2318 ipsa
2591 2233 2883 2310 ueritate,

583 2341 707 2406 hoc
763 2343 864 2408 est
919 2360 953 2405 a
1011 2340 1286 2417 Christo,
1343 2340 1453 2424 qui
1502 2339 1720 2407 iustus
1778 2345 1897 2418 est,
1956 2341 2386 2417 emendamur,
2452 2361 2529 2405 ne
2596 2343 2882 2405 nostrum

585 2449 781 2528 caput
853 2445 1122 2512 blandae
1198 2445 1314 2512 sed
1385 2445 1779 2529 perniciosae
1845 2446 2231 2514 adulationis
2297 2447 2537 2524 unctio,
2602 2447 2724 2512 hoc
2788 2448 2888 2509 est

583 2553 795 2618 oleum
852 2552 1207 2637 peccatoris
1262 2552 1620 2638 inpinguet.
1690 2570 2075 2637 quamquam
2132 2555 2324 2619 etiam
2374 2555 2429 2619 si
2475 2553 2670 2619 frater
2722 2553 2885 2617 Euo·
2923 2577 2976 2615 ιο

583 2657 729 2724 dius
786 2657 1182 2742 aliquantum
1236 2677 1350 2740 pro
1405 2677 1559 2724 suae
1615 2658 2083 2724 communionis
2148 2658 2511 2725 defensione
2575 2658 2889 2723 turbatior

585 2763 830 2849 aliquid
886 2765 1117 2830 elatius
1175 2765 1384 2829 animo
1442 2763 1860 2830 commotiore
1918 2763 2202 2843 dixisset,
2261 2765 2455 2830 aetati
2500 2764 2776 2830 hominis
2824 2767 2889 2828 et

582 2872 953 2937 necessitati
1001 2889 1230 2938 causae
1278 2875 1343 2937 te
1391 2875 1714 2956 oporteret
1758 2872 2109 2956 ignoscere.

676 2975 845 3043 Illud
893 2979 1124 3054 tamen,
1174 2978 1344 3061 quod
1389 2979 1764 3062 promittere
1813 2978 2113 3063 dignatus
2159 2998 2251 3055 es,
2295 2983 2445 3063 peto
2500 2977 2886 3053 memineris,

584 3088 661 3147 ut
717 3083 1108 3162 sedentibus,
1167 3102 1330 3167 quos
1395 3086 1534 3168 ipse
1601 3085 1937 3170 delegeris,
2004 3085 2348 3151 dummodo
2414 3085 2611 3150 uerba
2674 3088 2889 3149 nostra
2923 3105 2976 3146 ιε

771 3310 796 3364 1
829 3309 927 3364 Pe.
968 3310 1090 3374 140,
1127 3309 1178 3364 5.
1288 3311 1323 3365 6
1361 3309 1448 3364 Es.
1487 3309 1538 3377 3,
1581 3312 1647 3364 12
1762 3310 1828 3366 15
1865 3309 1980 3365 Ioh.
2023 3310 2106 3374 14,
2144 3311 2179 3365 6

662 3435 688 3487 1
732 3431 1061 3494 emendauit,
1099 3448 1242 3488 corr.
1279 3438 1402 3488 m.1
1437 3433 1754 3488 emendabit
1786 3433 1844 3487 P
2020 3435 2055 3488 2
2102 3435 2160 3489 in
2204 3435 2574 3489 misericordia
2613 3437 2692 3506 et]
2740 3438 2797 3489 et
2832 3435 2887 3487 in

586 3520 958 3575 misericordia
993 3519 1050 3575 R
1155 3523 1191 3576 4
1230 3520 1515 3576 emendare
1552 3522 1626 3576 M
1754 3524 1787 3577 5
1827 3539 1987 3592 quam
2023 3524 2157 3593 leni]
2200 3525 2358 3593 quale
2392 3523 2457 3579 F
2557 3525 2592 3579 8
2631 3525 2803 3579 creuit
2839 3523 2890 3577 ei

592 3612 759 3679 caput
792 3611 848 3664 P
988 3612 1022 3665 9
1062 3614 1149 3665 est
1184 3626 1288 3676 om.
1326 3610 1401 3665 M
1540 3612 1707 3681 enim]
1747 3613 1914 3667 etiam
1950 3613 2006 3669 R
2149 3614 2329 3668 oleum
2366 3613 2426 3668 F
2563 3613 2667 3668 hoc
2707 3616 2793 3667 est
2825 3612 2885 3665 in

581 3698 701 3767 fine
729 3713 861 3768 paq.
900 3714 1002 3753 om.
1038 3698 1095 3751 A
1299 3699 1365 3752 10
1401 3714 1477 3763 se,
1515 3715 1654 3753 corr.
1695 3716 1764 3753 m.
1786 3703 1818 3752 1
1854 3699 1949 3754 sed
1987 3701 2048 3755 F
2249 3704 2309 3756 ll
2354 3702 2530 3773 quasi]
2569 3701 2716 3770 quod
2752 3700 2799 3755 si
2835 3701 2887 3754 A

601 3791 657 3839 lfa
701 3787 792 3857 ille
830 3786 886 3840 Ρ
1065 3786 1131 3840 16
1169 3802 1360 3841 uerum
1396 3786 1556 3843 nobis
1594 3787 1650 3843 R
1797 3791 1940 3859 cum]
1977 3791 2148 3845 sicum
2183 3790 2241 3847 R
2424 3791 2488 3846 17
2525 3790 2649 3860 illo]
2688 3790 2797 3843 alio
2834 3788 2889 3842 R

665 3883 749 3927 *st
784 3890 907 3939 om„
943 3891 1012 3929 m.
1036 3877 1076 3929 2
1113 3873 1244 3929 aad.
1282 3874 1358 3929 M
1497 3875 1614 3945 sed]
1651 3892 1712 3930 se
1739 3875 1801 3930 F
1898 3878 1963 3932 18
1999 3876 2105 3933 hoc
2144 3863 2230 3932 est
2265 3896 2297 3933 a
2335 3878 2551 3934 Christo
2592 3878 2710 3948 qui]
2750 3894 2888 3948 quae

597 3967 826 4017 christus
865 3965 952 4016 est
987 3965 1045 4017 et
1079 3962 1135 4018 R
1216 3963 1287 4018 20
1323 3964 1634 4033 inpinguet]
1676 3980 1784 4018 non
1821 3966 2131 4036 impinguet
2164 3966 2221 4023 R
2327 3967 2396 4036 si]
2433 3968 2509 4021 sit
2542 3968 2599 4021 P
2677 3969 2741 4021 21
2776 3971 2888 4020 tur·

597 4051 808 4103 {uitiata
841 4048 917 4103 M
948 4050 1004 4121 (a
1039 4067 1161 4119 emp.
1205 4052 1355 4121 m.2)
1391 4050 1502 4106 ΓΑ
1718 4054 1790 4108 23
1835 4055 2180 4108 necessitatis
2219 4071 2382 4109 causa
2416 4053 2732 4110 MFAP¹R
2769 4054 2888 4109 edd.

589 4143 810 4203 ,Μαι-τεν
843 4154 900 4192 m
1015 4141 1295 4209 oporteret
1329 4144 1387 4194 te
1421 4138 1481 4194 R
1588 4140 1660 4196 24
1696 4143 2015 4211 permittere
2052 4143 2106 4196 A
2214 4146 2343 4214 peto
2382 4160 2450 4197 ne
2486 4144 2793 4199 memineris
2822 4143 2896 4197 M

581 4247 665 4275 1111*
709 4242 826 4295 exp.
864 4243 936 4283 m.
959 4231 1012 4295 1)
1045 4228 1102 4281 A
1210 4227 1281 4282 25
1321 4226 1567 4299 diligeris
1603 4228 1669 4284 F
1805 4235 1995 4285 nostra
2031 4230 2201 4286 uerba
2237 4231 2312 4285 Μ
