3309 4867
756 289 768 307 ,
860 244 883 295 t

310 354 392 444 1542
696 377 724 431 S.
753 376 890 431 Aureli
917 374 1136 455 Augustini

327 591 401 638 cum
424 592 443 638 a
466 574 552 640 curis
575 573 749 639 maioribus
771 573 938 659 magisque
960 574 1149 641 necessariis
1176 574 1312 640 naoabst
1338 573 1481 653 animus,

327 679 416 745 uolui
447 700 504 764 per
535 680 609 760 ista,
633 698 714 764 quae
742 698 762 744 a
792 680 885 746 nobie
915 679 1114 773 desiderasti,
1145 682 1265 765 scripta
1294 679 1480 764 proludere,

328 787 452 872 quando
483 787 657 871 conscripsi
689 787 730 852 de
761 787 830 852 solo
862 786 1011 871 rhythmo
1043 807 1098 854 sen
1128 788 1228 855 libros
1260 790 1293 854 et
1324 788 1365 854 de
1391 787 1480 853 melo

328 894 464 960 scribere
483 894 563 960 alios
581 894 714 960 forsitan
734 912 799 972 sex,
818 892 928 973 fateor,
946 893 1163 978 disponebam.
1183 914 1257 960 oum
1273 894 1355 960 mihi
1372 894 1480 960 otium

327 1000 469 1066 futurum
485 1000 660 1086 sperabam.
675 999 731 1066 sed
744 1002 858 1083 postea
870 1019 966 1083 qnam
984 999 1064 1065 mihi
1082 1018 1227 1066 curarum
1245 999 1480 1067 ecclesiastica·
1510 1025 1525 1064 s

328 1126 398 1172 rum
413 1108 537 1172 sarcina
549 1107 688 1190 inposita
701 1108 761 1185 est,
777 1125 887 1172 omnes
905 1106 980 1172 illae
995 1106 1126 1173 deliciae
1140 1108 1249 1193 iugero
1263 1107 1302 1172 de
1317 1107 1480 1184 manibus,

328 1212 374 1278 ita
390 1217 428 1278 ut
445 1214 498 1278 uir
517 1232 600 1279 nunc
617 1213 723 1298 ipsum
742 1212 883 1278 codicem
903 1213 1075 1295 inueniam,
1089 1214 1238 1297 quoniam
1256 1217 1345 1279 tuam
1363 1214 1479 1279 nolun-

328 1322 434 1385 tatem
451 1338 508 1385 nec
527 1319 713 1404 petitionem
733 1319 790 1385 sod
811 1319 987 1386 iussionem
1011 1324 1211 1387 contemnere
1234 1338 1367 1404 nequeo.
1390 1320 1479 1403 quod

330 1416 404 1491 sane
427 1427 618 1511 opusculum
645 1426 673 1491 si
701 1429 835 1509 potuero
862 1425 1000 1502 mittere,
1029 1446 1089 1492 non
1113 1423 1242 1510 quidem
1266 1426 1398 1492 metiti
1421 1427 1478 1492 ob-

327 1535 522 1615 temperasse
549 1550 661 1598 uerum
688 1541 794 1598 tuneo
822 1535 857 1607 te
881 1532 942 1597 hoc
965 1551 984 1596 a
1006 1552 1057 1598 me
1080 1536 1169 1599 tanto
1192 1551 1285 1618 opere
1311 1532 1478 1618 flagitasse
1498 1557 1524 1595 ιο

328 1639 512 1721 paenitebit.
549 1638 738 1719 difficillime
775 1637 893 1722 quippe
928 1638 1159 1724 intelleguntur
1193 1640 1225 1705 in
1263 1658 1300 1705 eo
1337 1639 1478 1722 quinque

285 1774 289 1787 ·
327 1744 411 1820 libri.
439 1746 467 1810 si
495 1764 557 1811 non
580 1744 678 1824 adsit·
703 1744 758 1828 qui
781 1763 844 1809 non
867 1742 973 1810 solum
997 1744 1229 1841 disputantium
1256 1746 1361 1829 possit
1387 1764 1477 1828 sepa·
1502 1757 1506 1762 ·

329 1870 396 1917 rurs
421 1869 573 1936 personas
601 1870 714 1921 uerum
742 1852 838 1916 etism
866 1851 1097 1934 pronuntiando
1124 1852 1170 1917 ita
1196 1871 1308 1918 souare
1335 1851 1488 1917 morulas.

329 1958 533 2042 syllabarum,
572 1961 609 2023 ut
640 1958 688 2023 eis
720 1956 935 2040 exprimantur
970 1977 1171 2041 sensumque·
1199 1958 1322 2024 sudum
1361 1958 1480 2023 sedant

324 2082 444 2148 genera
469 2082 683 2143 numerorum,
710 2063 846 2130 manime
870 2064 945 2146 quis
975 2064 1007 2129 in
1035 2065 1226 2148 quibusdam
1258 2065 1354 2131 stiam
1382 2065 1476 2131 silen-
1498 2085 1524 2124 ss

328 2169 446 2235 tiorum
470 2168 613 2236 dimensa
634 2170 802 2236 interualla
824 2170 1010 2250 miscentur,
1037 2190 1118 2253 quas
1141 2172 1268 2237 omnino
1291 2171 1401 2237 sentiri
1424 2190 1478 2236 ne

234 2316 246 2329 -
330 2280 461 2357 queunt,
484 2277 553 2342 nisi·
570 2277 746 2359 auditorem
770 2277 992 2360 pronuntiator
1013 2278 1172 2344 informet

285 2384 306 2447 4
374 2381 505 2448 Sextum
538 2402 613 2449 sane
644 2383 774 2460 librum,
808 2401 903 2466 quem
936 2383 1139 2449 emendatum
1169 2383 1304 2468 repperi,
1336 2383 1392 2448 ubi
1426 2387 1479 2450 est

330 2489 432 2553 omnis
464 2489 589 2555 tructus
616 2494 806 2566 ceterorum,
839 2507 900 2554 non
929 2488 1041 2555 distuli
1072 2489 1201 2556 mittere
1227 2490 1352 2557 caritati
1384 2492 1475 2568 tuse;

329 2593 476 2660 fortassis
508 2595 577 2680 ipso
608 2599 697 2661 tuam
731 2614 791 2661 non
823 2594 962 2662 multum
993 2596 1133 2681 refugiat
1164 2596 1365 2680 grauitatem.
1400 2583 1524 2661 namsi

330 2701 510 2785 superiores
543 2701 681 2786 quinque
718 2702 771 2766 uix
806 2700 872 2768 tilio
908 2704 1017 2769 nostro
1054 2705 1087 2767 et
1119 2701 1309 2781 condiacono
1341 2701 1477 2779 Iuliano,

287 2888 293 2895 ,
331 2808 478 2890 quoniam
502 2811 536 2873 et
561 2807 631 2892 ipse
653 2807 716 2872 iam
740 2807 908 2873 nobiscum
931 2807 1131 2883 commilitat,
1148 2804 1241 2892 'digni
1262 2807 1400 2874 lectione
1421 2807 1480 2873 uel

368 2999 519 3063 lmsioris‚
538 3014 607 3053 corr.
626 3003 687 3052 ns!
706 2997 854 3052 maioribus
873 2996 909 3050 P¹
996 2998 1119 3053 tuom.
1139 2997 1166 3051 A
1256 2997 1430 3053 desiderastis
1447 2996 1479 3052 R

331 3087 481 3144 Brithmos
500 3105 532 3142 eu
551 3086 586 3141 M
602 3094 681 3147 toorr.
701 3088 802 3143 rithmo
821 3090 878 3154 ser)
898 3086 929 3140 F
943 3092 987 3154 (ss.
1001 3091 1020 3140 3
1036 3086 1137 3143 rithmo
1156 3090 1213 3156 sen)
1312 3087 1398 3143 melos
1414 3087 1481 3144 Pu

331 3177 355 3247 (s
373 3193 433 3247 ιφ.
451 3180 528 3244 Μ)
548 3176 641 3231 FAP¹
660 3184 685 3239 (s
703 3194 763 3246 esp.
782 3181 857 3244 Μ)
928 3175 1093 3231 diorsitans
1112 3192 1151 3239 cx.
1170 3176 1366 3232 m.3iorsitsn
1385 3194 1431 3232 ser
1449 3176 1484 3232 F

331 3266 348 3321 6
367 3264 455 3335 iugire
473 3264 510 3318 Μ
526 3269 572 3332 (m.
592 3270 623 3319 st
640 3265 699 3319 uid.
712 3269 727 3318 1
739 3280 809 3319 corr.
828 3265 934 3334 ingere)
949 3263 979 3318 F
990 3267 1067 3329 (na3
1084 3265 1190 3335 fugere)
1228 3266 1399 3336 lquoniainl
1411 3282 1477 3335 qna.

331 3367 400 3407 corr.
418 3357 479 3409 Μ
497 3353 562 3424 quia
578 3358 669 3422 (asper
688 3370 704 3407 a
720 3356 790 3419 ros.)
808 3353 846 3405 M
881 3354 914 3407 10
937 3355 1095 3422 unt-opere
1108 3355 1136 3406 P
1147 3360 1290 3424 tantopere
1305 3352 1398 3409 FP¹R
1414 3354 1477 3409 edd

333 3442 362 3497 11
383 3441 483 3495 ·v·1>¹
533 3442 567 3496 12
586 3442 673 3511 possit
692 3457 752 3501 ons.
772 3439 887 3507 m.1(?)
907 3439 1026 3495 adom
1074 3442 1107 3496 13
1122 3457 1243 3496 sonorem
1262 3442 1352 3497 orulsa
1370 3443 1482 3497 com?

334 3555 366 3614 15
384 3558 425 3628 in]
444 3574 470 3611 m
488 3556 517 3612 B
625 3532 714 3611 susm*
728 3572 779 3611 oss.
799 3554 837 3610 u
942 3555 1069 3612 silentiot
1082 3561 1140 3621 tu
1158 3565 1260 3626 posteo
1279 3556 1346 3614 odd.
1362 3557 1433 3635 sid)
1451 3559 1482 3613 P

303 3654 313 3659 ”
333 3646 367 3701 ld
385 3646 563 3702 sentirem
599 3647 631 3701 17
651 3645 802 3700 adiutorem
821 3644 860 3699 M
877 3648 953 3711 (m
969 3647 984 3699 1
1001 3644 1163 3713 auditorem)
1182 3646 1267 3702 FRo
1284 3645 1437 3701 adiutornrn
1451 3646 1480 3699 A

332 3733 448 3799 adiutor,
466 3739 534 3792 Μ
550 3735 703 3790 auditorem
721 3733 761 3788 1²¹
805 3725 935 3793 r·inflr1net
951 3733 1018 3789 Mn*
1031 3735 1121 3790 firmet
1139 3735 1167 3789 A
1217 3735 1251 3790 18
1269 3735 1362 3805 quem]
1376 3734 1441 3804 quia
1453 3733 1483 3787 P

368 3824 529 3879 emendato·
542 3827 567 3897 (r
585 3829 667 3891 eros.)
687 3825 715 3877 A
753 3823 787 3878 ls
805 3824 893 3877 omnis
911 3840 962 3879 oss.
980 3822 1020 3878 M
1057 3823 1093 3878 20
1110 3823 1230 3893 refugiet
1247 3823 1309 3881 cdd.
1350 3824 1383 3878 21
1399 3823 1479 3893 qnin-

333 3931 385 3984 que
403 3914 555 3984 superiores
572 3913 601 3970 R
671 3912 747 3973 folio.
766 3911 1101 3981 m.1(?)corr.dliod1
1127 3930 1136 3938 ’
1178 3913 1215 3968 22
1233 3911 1371 3982 quonism]
1390 3912 1438 3981 qui
1456 3911 1479 3977 (i

332 4005 398 4057 m.2
413 4003 446 4056 iss
462 4017 519 4056 ros.
540 4006 555 4054 1
575 4000 606 4071 1.)
622 4000 660 4055 M
736 4000 813 4071 digni
829 3999 948 4056 lectione
966 4001 1011 4056 uel
1030 4001 1186 4070 cognitione
1203 4002 1317 4071 amm
1333 4000 1481 4055 dilectione

332 4091 378 4147 uel
400 4091 556 4160 cognitione
578 4089 697 4144 ΡΕἉΡι
720 4093 813 4159 (asper
835 4088 980 4144 dilectione
1001 4092 1069 4145 mi
1092 4089 1158 4145 odd.
1181 4087 1270 4161 digni)
1286 4089 1316 4146 R
1333 4088 1481 4145 dilectione

332 4176 376 4232 uti
389 4180 547 4249 cognitionis
567 4182 615 4246 (ω
627 4220 706 4235 .....
718 4198 756 4219 κ
776 4181 859 4240 σω.)
878 4175 915 4231 Μ
931 4176 1114 4247 cognitiones
1132 4177 1289 4247 cognitione
1306 4176 1406 4249 dignis
1422 4176 1480 4231 leo·

333 4266 408 4322 tione
426 4271 455 4325 et
473 4266 629 4337 cognitione
649 4265 726 4334 digni
744 4270 804 4319 cett.
823 4265 899 4333 edd.,·
918 4266 954 4333 cf.
973 4263 1096 4321 Beiram
1116 4264 1189 4334 111,
1203 4269 1225 4319 =1
