3309 4867
345 333 410 397 744
705 327 731 382 S.
759 324 897 382 Aureli
923 305 1139 395 Augustini

346 524 618 589 crebrescentibus
632 521 894 588 tribulationibus
912 521 1131 606 pmpinquare,
1151 525 1240 587 tanto
1259 522 1365 607 magia
1380 522 1494 588 (labent

347 630 438 705 boun,
478 649 558 713 quae
594 629 626 694 in
662 635 747 693 terra
782 627 951 694 recondere
984 627 1203 712 disponebant,
1238 628 1273 693 iu
1308 628 1492 694 bescaram

345 734 516 801 caelestem
542 734 665 819 inpigra
688 734 850 800 celeritate
874 733 1053 824 transferre,
1080 733 1185 812 ut,.si
1208 733 1310 817 aliqui
1334 734 1492 800 humanas

345 861 440 908 casus
473 841 633 922 acciderit,
666 841 813 927 gaudem,
842 841 897 926 qui
925 841 964 908 de
994 841 1065 908 loco
1097 835 1226 910 muoso
1253 841 1439 928 emigranit,
1468 839 1493 905 si

335 949 453 1014 'autem
491 948 570 1013 nihil
606 947 671 1013 tale
706 948 806 1014 fuerit
842 948 1060 1030 subsecutum,
1095 967 1157 1014 non
1189 947 1411 1027 contristetur,
1443 947 1526 1031 qni»

346 1054 534 1139 quaudoque
567 1053 740 1120 moriturus
772 1053 933 1120 inmortali
964 1054 1102 1133 domino,
1139 1054 1180 1120 ad
1211 1075 1307 1138 quem
1336 1059 1494 1122 uenturus

345 1164 407 1240 est,
426 1161 507 1226 bona
525 1159 652 1244 propria
670 1160 916 1226 commendauit
934 1160 1052 1245 itaque,
1070 1160 1184 1228 fratres
1202 1163 1267 1228 mei
1281 1161 1494 1238 dilectissimi,

345 1287 382 1333 er
405 1285 454 1344 eo,
483 1267 568 1350 quod
591 1261 728 1351 quisque
756 1266 862 1344 habet,
892 1267 1066 1334 secundum
1095 1287 1170 1334 suas
1197 1269 1294 1347 uires,
1319 1287 1402 1353 quas
1430 1269 1495 1352 ipse

346 1375 447 1452 nouit,
475 1374 581 1448 facite,
610 1373 695 1457 quod
724 1374 847 1451 soletis,
875 1375 1024 1441 alacriora
1052 1376 1168 1453 animo,
1192 1394 1287 1459 quarn
1316 1375 1444 1454 soletis,
1466 1377 1496 1439 et

346 1482 427 1545 iuter
446 1499 556 1546 omnes
576 1479 694 1546 saeculi
718 1479 814 1546 huius
833 1481 998 1546 molestias
1017 1480 1225 1565 apostolicam
1244 1482 1495 1548 exhortationem
1511 1501 1528 1539 u

349 1586 442 1651 corde
470 1587 615 1663 retinete,
642 1586 697 1652 ubi
722 1587 779 1651 ait:
803 1587 996 1653 Dominus
1020 1589 1058 1653 in
1082 1588 1261 1672 proximo
1286 1592 1363 1664 est3
1393 1585 1494 1654 nibil

346 1691 531 1758 solliciti
558 1691 739 1759 fueritis.
768 1693 847 1759 talia
873 1693 952 1759 mihi
976 1694 1014 1759 de
1038 1693 1130 1760 uobis
1153 1694 1347 1769 nuntientur,
1376 1693 1494 1778 quibus

346 1800 489 1864 nouerim
525 1819 586 1866 non
627 1804 756 1883 propter
791 1819 894 1866 meam
931 1801 1141 1884 praesentiam
1182 1801 1239 1866 sed
1279 1807 1412 1885 propter
1448 1798 1495 1864 dci

347 1909 559 1988 praeceptum,
579 1906 634 1988 qui
658 1923 831 1989 numquam
854 1910 904 1971 est
926 1907 1051 1990 absens,
1070 1926 1130 1973 uos
1152 1907 1254 1973 solere
1277 1908 1393 1986 lacere,
1413 1905 1496 1991 quod

347 2011 457 2077 multis
485 2012 574 2077 anuis
605 2031 653 2078 me
680 2017 846 2095 praesente
879 2018 911 2080 et
947 2014 1118 2098 aliqnando
1151 2015 1248 2080 etiam
1279 2033 1331 2080 me
1363 2015 1494 2080 absente
1510 2034 1527 2074 u
1557 2005 1558 2076 ἶ

346 2116 478 2182 fecistis.
506 2117 653 2184 dominus
683 2136 742 2183 uos
770 2119 800 2182 in
830 2136 907 2202 pace
931 2107 1108 2198 conseruat,
1137 2119 1338 2186 dilectissimi
1365 2122 1493 2192 nanos

346 2232 433 2289 orate
456 2242 512 2306 pro
536 2224 639 2289 nobis,

438 2411 469 2465 ll
490 2409 561 2468 Phil.
580 2413 605 2474 4,
625 2413 695 2467 5-6

382 2535 399 2590 3
424 2534 516 2603 aliqui,
536 2541 625 2605 nostr.
645 2536 664 2590 l.
683 2538 714 2589 in
738 2551 794 2591 roa.
814 2541 841 2591 et
858 2553 892 2592 ec
910 2552 978 2591 corr.
999 2536 1104 2604 (oum
1124 2539 1157 2594 ul
1179 2539 1273 2610 aliqui.
1293 2555 1349 2594 rar.
1369 2540 1454 2595 alicui
1471 2537 1498 2592 P

350 2622 431 2676 alicui
449 2621 543 2677 AP¹R
562 2623 661 2692 aliquis
679 2622 784 2679 Fauo.
858 2625 970 2680 humani
989 2642 1066 2681 cunr
1085 2626 1235 2682 acmderint
1252 2627 1290 2684 M
1358 2629 1493 2699 traigna-

350 2711 389 2764 uit
408 2711 470 2764 Mn
560 2713 634 2777 bat,
652 2717 717 2768 net
735 2711 769 2766 ad
788 2712 825 2767 P¹
917 2716 1061 2786 lpropria
1078 2714 1152 2771 bona
1170 2717 1197 2772 R
1286 2716 1391 2789 itaque]
1411 2715 1495 2772 itaP

384 2800 477 2853 dilecti
500 2800 553 2854 PF
604 2801 762 2857 balacriori
781 2802 818 2856 M
872 2804 905 2857 10
923 2805 951 2857 in
970 2804 998 2858 P
1067 2804 1148 2862 buius
1167 2805 1320 2861 saeculiP¹
1372 2806 1408 2861 12
1426 2805 1494 2861 fleri·

349 2888 431 2941 tisA
488 2890 519 2942 ll
540 2895 553 2940 e
574 2890 670 2942 absens
690 2897 704 2943 e
724 2890 758 2942 M
815 2892 848 2944 15
867 2907 908 2945 me
928 2892 1041 2947 absente
1060 2890 1197 2948 etlamM
1261 2891 1497 2962 lblccisti‚n.2

264 3043 268 3050 Ι
348 2974 451 3031 lecistis
470 2977 507 3030 ΡΙ
528 2978 617 3031 facitis
638 2978 664 3029 P
735 2982 877 3032 conseruet
896 2983 924 3033 et
941 2979 1030 3034 ΜΓΑ
1050 2981 1110 3037 edu.
1168 2983 1199 3038 17
1219 2981 1309 3053 uobis]
1329 2998 1373 3037 mc
1392 2982 1423 3040 R
