3309 4867
590 343 856 414 epistularum
883 344 982 399 uvni.
1009 345 1079 400 LIX.
1341 351 1432 414 219.

259 539 433 617 hominum‚
458 538 497 604 de
520 538 636 621 quibus
658 558 717 622 per
737 543 769 606 te
793 540 951 605 catholiea
973 544 1075 606 mater
1092 542 1223 621 exultat,
1242 561 1407 627 aspernere

261 645 356 709 etiam
379 644 540 729 superflua
562 648 751 712 metuentes.
1194 664 1196 667 ⁴
1368 657 1381 667 =

782 836 871 905 sm·

259 972 406 1030 DOMINO
421 972 635 1030 ssassssruo
649 973 696 1028 ET
707 971 932 1029 vsussaslul
943 974 1056 1030 PATRI
1070 975 1115 1029 ET
1125 974 1406 1032 CONSAOERDOTI
1439 995 1442 1001 ·

229 1071 242 1111 a
395 1062 598 1120 VICTORINO
618 1062 848 1120 AUGUSTINUS
867 1062 908 1117 IN
926 1062 1074 1119 DOMINO
1095 1064 1272 1124 SALUTEM.

192 1199 210 1262 1
304 1191 465 1257 'Praetoria
495 1190 537 1255 ad
567 1207 618 1255 me
651 1190 761 1272 quinto
788 1188 867 1255 Idus
895 1189 1085 1255 Nouembris
1113 1192 1202 1256 uenit
1229 1192 1294 1257 iam
1316 1192 1406 1256 finito

261 1299 311 1364 die
342 1301 376 1363 et
405 1316 457 1362 me
488 1296 584 1361 ualde
611 1294 840 1380 indispositum
866 1295 998 1372 inuenit,
1027 1300 1063 1361 ut
1091 1315 1254 1363 occurrere
1276 1298 1406 1364 'omnino

259 1424 320 1469 non
352 1421 492 1486 possem.
530 1407 655 1466 ueruni'
675 1404 782 1465 tamen
814 1400 886 1465 siue
917 1402 1098 1484 inperitiam
1130 1421 1233 1468 meam
1268 1404 1408 1468 mouerit

260 1510 340 1576 siue.
355 1510 440 1574 iuste
460 1512 574 1573 -motas
603 1508 675 1585 sim
704 1511 779 1571 tuse
793 1508 983 1572 sanctitatis
1007 1512 1040 1572 et
1061 1509 1230 1591 grauitatis
1254 1513 1305 1574 est
1327 1509 1407 1574 arbi·

163 1684 166 1688 ,
218 1616 346 1681 notiori.
380 1613 446 1698 legi
479 1614 512 1679 in
548 1613 658 1679 eadem
694 1612 843 1678 tantona
879 1613 976 1677 etiam
1013 1613 1052 1677 ad
1084 1614 1299 1681 Mauretanias
1335 1634 1406 1679 esse

260 1722 424 1804 scriptum,
448 1738 527 1805 quas
548 1719 730 1802 prouincias
753 1718 873 1784 seimus
897 1738 973 1784 suos
997 1718 1112 1784 habere
1135 1720 1296 1803 primates.
1321 1720 1405 1805 quod

261 1828 289 1894 si
321 1832 354 1893 ct
384 1846 421 1892 er
453 1826 499 1891 eis
531 1826 572 1892 ad
590 1824 788 1891 Numidiam
824 1824 1065 1891 conrnooandurn
1102 1830 1188 1891 esset
1225 1826 1404 1902 concilium,

260 1933 401 2016 oportuit
434 1933 557 2016 utique,
589 1935 627 1997 ut
658 1931 838 2014 aliquorum
867 1928 1053 1998 Maurorum
1085 1931 1317 2016 episcoporum,
1350 1932 1410 2015 qui·

259 2041 326 2106 iilic
357 2039 479 2122 priores
511 2041 599 2115 suot*
629 2037 758 2103 nomina
788 2036 820 2101 in
848 2037 1000 2101 tractoria
1027 2033 1232 2120 ponerent11r3v
1260 2037 1344 2121 quod
1371 2040 1404 2104 in

216 2167 242 2205 rs
259 2146 323 2211 ists
343 2144 493 2210 uectoria
515 2162 577 2208 non
599 2144 758 2227 reperiens
781 2143 919 2208 muitum
948 2142 1081 2208 miratus
1094 2164 1096 2169 ¹
1110 2163 1193 2210 sum.
1225 2145 1337 2211 deinde
1353 2145 1404 2209 ‘sd

259 2252 347 2332 ipso‘s
369 2251 526 2316 Numidas
548 2250 594 2315 ita
616 2250 800 2334 perturbato
824 2253 857 2313 st
879 2251 1025 2331 neglecto
1049 2250 1156 2316 ordine
1179 2251 1345 2334 scripturn,
1368 2254 1407 2314 ut

260 2377 374 2423 nomen
405 2376 513 2422 meum
544 2357 637 2421 tertio
670 2357 741 2422 ioco
773 2355 958 2433 iuuencum,
992 2356 1047 2439 qui
1069 2357 1163 2430 noui,
1201 2371 1295 2440 quam
1329 2361 1407 2440 post

260 2466 380 2530 multos
403 2463 572 2546 episcopus
592 2465 699 2529 factus
723 2463 794 2527 sim.
828 2481 909 2544 quse
936 2481 987 2527 res
1015 2467 1049 2530 et
1075 2463 1147 2528 aliie
1175 2463 1328 2530 iniuriosa
1355 2468 1407 2529 est
1477 2473 1488 2483 ⁴

260 2572 339 2635 satis
362 2573 395 2635 et
417 2569 496 2634 mihi
519 2567 685 2635 inuidiosa
707 2571 872 2651 praeterea
893 2568 1083 2638 uenerabilis
1105 2570 1201 2635 irater
1223 2575 1256 2636 et
1283 2571 1407 2654 collega

216 2697 244 2736 ao
261 2677 368 2742 noster
393 2675 595 2758 Xanthippus
619 2674 816 2759 Tagorensis
837 2674 926 2753 dicit,
951 2675 1036 2758 quod
1062 2695 1134 2744 enm
1158 2677 1313 2760 primatus
1336 2678 1404 2758 ipse

261 2784 434 2870 contingat,
458 2793 491 2846 et
513 2793 588 2866 erga
609 2780 836 2864 plurimossio
859 2781 996 2846 habetur
1018 2784 1051 2846 et
1067 2780 1149 2848 tales
1167 2783 1269 2849 mittit
1287 2784 1406 2867 epistu-

260 2890 318 2954 las.
352 2889 407 2972 qni
434 2888 530 2954 etiam
558 2908 643 2955 error
669 2888 697 2953 si
725 2886 818 2954 facile
840 2888 923 2952 inter
945 2891 1085 2956 uestram
1109 2888 1310 2986 sanctitatem
1333 2907 1405 2972 eog-

298 3114 311 3166 l
332 3113 451 3176 exaltata
468 3113 505 3165 Μ
574 3112 726 3183 aspemeris
744 3111 808 3166 PP¹
827 3128 954 3183 spernere
973 3111 1036 3168 MR

484 3259 492 3327 ’,
532 3270 615 3323 T:
634 3270 692 3338 coci.
717 3270 857 3324 Trecenes's
877 3273 955 3335 aas.
975 3269 1067 3324 XIII.
1160 3311 1163 3316 .

526 3359 555 3414 B
582 3383 617 3406 =
636 3359 694 3413 cod.
718 3358 874 3414 Vaticanus
895 3360 954 3411 494
972 3373 993 3412 s.
1012 3357 1097 3410 XIII
1115 3374 1156 3412 ea,
1225 3408 1227 3410 ,

532 3446 560 3500 V
580 3471 615 3494 =
634 3445 693 3503 cod.
717 3445 873 3500 Vaticanus
895 3448 953 3499 495
971 3461 992 3498 s.
1013 3445 1078 3498 XV.
1100 3459 1102 3463 ⁴

532 3533 559 3589 U
581 3558 616 3581 =
634 3534 692 3589 cod.
717 3533 874 3588 Vaticanus
894 3535 955 3587 499
970 3549 992 3586 s.
1012 3532 1078 3587 XV.

297 3692 420 3763 tussit]
440 3691 475 3746 ad
493 3710 535 3756 me
554 3693 695 3766 uenit(ad
713 3709 757 3746 me
775 3696 847 3762 exp.)
871 3691 898 3746 U
967 3691 1045 3747 finito
1063 3691 1117 3745 iam
1140 3692 1167 3747 U
1254 3692 1405 3756 8n0uerit,

262 3796 329 3835 corr.
347 3785 409 3839 sul
426 3783 545 3836 mouerit
561 3781 590 3836 R
680 3782 714 3834 10
736 3781 899 3840 tractatoria
921 3778 976 3834 ΥΠ
1063 3778 1238 3844 mauritanea,
1258 3796 1326 3834 corr.
1347 3784 1406 3833 nul

262 3870 435 3924 mauritanias
452 3869 482 3925 R
499 3870 676 3925 mauritanias
699 3868 754 3924 Vc
771 3868 832 3922 edd.
889 3870 920 3922 11
941 3867 1279 3936 mos1nobisuoscodd.
1330 3869 1362 3922 12
1378 3870 1406 3920 et

263 3972 312 4009 om.
332 3956 385 4011 Vc]
455 3955 603 4010 numidiam
622 3957 709 4018 (nami
726 3956 759 4010 s'n
776 3957 846 4026 ras.)
865 3955 891 4008 V
945 3955 1203 4010 temeratoris&
1255 3958 1286 4011 15
1303 3959 1404 4010 tracta-

262 4044 332 4097 toria
353 4044 381 4099 U
451 4046 484 4099 16
503 4044 638 4099 numidias
656 4045 683 4099 R
701 4044 826 4113 numius.
846 4060 915 4099 corr.
935 4043 1107 4098 numidssi'
1183 4045 1217 4099 18
1236 4050 1284 4113 epo
1302 4042 1331 4096 R
1349 4043 1405 4110 epi-

263 4147 357 4202 scopos
381 4132 533 4200 VUslsm
605 4150 663 4186 sum
686 4132 788 4186 reda.
801 4138 951 4203 praetcrm
1005 4131 1040 4188 20
1058 4132 1215 4201 sauctippus
1234 4131 1312 4186 codd.
1331 4130 1402 4183 Xan-

265 4219 354 4289 tippus
373 4220 433 4274 edd.
506 4222 659 4291 tagosensis
676 4220 799 4275 RVUm
818 4219 995 4289 Tagastensis
1013 4225 1072 4273 cett.
1092 4220 1153 4273 cdd.
1251 4254 1262 4266 ·
