3309 4867
314 276 380 339 450
676 272 703 326 S.
731 270 870 325 Aureli
900 271 1117 339 Augustini

313 466 435 531 Nemo
455 466 501 530 ad
524 484 582 530 me
606 464 731 542 creuit,
751 465 835 529 nisi
855 483 968 549 quem
989 469 1104 548 pater
1122 464 1361 543 adtraxerit,
1381 462 1469 548 quod

314 572 352 637 fit
383 573 414 637 in
447 570 596 638 cordibus
627 571 782 650 omnium,
815 571 871 653 qui
898 588 933 635 sc
961 570 1000 635 ad
1028 589 1101 636 eum
1130 570 1257 635 diuinae
1285 569 1469 636 iracundiae

315 680 428 745 timore
461 674 661 753 conuertunt.
704 680 737 743 et
773 677 900 743 noueris
938 676 1107 759 aliquando
1144 676 1248 743 furem
1284 674 1469 743 auormudis

315 785 482 869 pecoribus
505 784 658 868 pabulum
678 802 826 869 spargere
850 786 882 848 et
905 782 1073 867 aliquando
1096 785 1258 867 pastorem
1276 782 1403 867 flagello
1426 780 1470 845 ad

316 911 446 977 gregem
469 909 595 974 pecora
607 890 744 957 errantia
765 892 936 956 reuocare?
1369 932 1373 935 -
1503 911 1518 950 a

273 1000 292 1059 d
360 998 471 1063 Nonne
496 1002 717 1063 contumacem
740 996 888 1062 ancillam
913 996 987 1062 data
1005 996 1068 1063 sibi
1086 1001 1246 1080 potestate
1264 995 1343 1062 Sara
1359 995 1469 1081 potius

316 1105 500 1191 affligebat?
533 1107 567 1169 et
594 1104 705 1186 utique
738 1121 799 1168 non
824 1122 905 1179 eam,
930 1122 1027 1185 quam
1054 1104 1202 1186 superius
1229 1103 1468 1169 beneficiosum

316 1218 450 1278 matrem
482 1211 611 1289 fecerat,
644 1209 815 1275 crudeliter
843 1209 961 1284 oderat,
985 1208 1042 1276 sed
1065 1210 1096 1275 ia
1120 1229 1156 1276 ea
1179 1209 1361 1293 superbiam
1385 1209 1470 1280 salu·

317 1318 414 1383 tritor
436 1315 613 1382 edomabat
636 1324 698 1381 nbu
721 1316 830 1381 autem
852 1313 991 1400 ignoras,
1016 1315 1100 1397 quod
1119 1315 1200 1383 istae
1219 1316 1300 1381 duae
1319 1315 1469 1381 mulieres
1501 1364 1503 1367 -

318 1425 395 1490 Sam
427 1427 460 1488 et
485 1424 572 1508 Agar·
598 1425 631 1486 et
660 1421 724 1487 duo
751 1420 810 1485 filii
833 1439 943 1486 aarum
967 1421 1058 1486 Isaac
1080 1424 1113 1487 et
1134 1423 1276 1489 Ismabel
1298 1442 1354 1508 pro
1377 1422 1518 1507 spiri-10

317 1532 436 1596 talibus
460 1536 492 1594 et
515 1528 695 1594 carnalibus
719 1526 910 1611 figmentum
939 1532 973 1593 et
995 1546 1070 1594 cum
1092 1529 1238 1614 legamus
1261 1528 1408 1596 ancillam
1436 1534 1469 1593 et

316 1638 418 1703 filium
443 1637 520 1701 -sius
549 1656 568 1700 a
597 1633 672 1701 Sara
705 1652 818 1717 passos
851 1653 965 1719 graues
997 1635 1172 1713 molestias,
1204 1637 1327 1702 Paulus
1362 1642 1468 1702 tamen

318 1743 483 1828 apostolus
517 1741 605 1817 dicit,
639 1737 725 1823 quod
753 1740 792 1805 ab
820 1740 980 1807 Ismahele
1007 1742 1261 1824 persecutionem
1285 1743 1332 1808 sit
1351 1760 1469 1827 passus

319 1851 423 1916 Isaac:
448 1848 526 1917 Sed
547 1848 788 1935 aientium,
807 1848 923 1930 iuquit,
942 1847 1029 1925 ille,
1054 1847 1123 1931 qui
1142 1851 1231 1914 erat
1247 1847 1468 1914 secundum

317 1975 488 2021 carnem.
522 1953 851 2039 persequebatur
888 1972 985 2032 eum,
1018 1955 1085 2038 qui
1123 1959 1210 2021 erat
1246 1953 1518 2021 secundamus

319 2063 523 2147 spiritum,
553 2063 611 2126 ita
636 2065 676 2127 et
697 2077 811 2139 nunc,
836 2065 882 2138 ut,
907 2061 962 2143 qui
985 2065 1132 2144 possunt,
1155 2062 1344 2147 intellegant
1364 2060 1470 2146 magis

318 2167 487 2232 ecclesiam
512 2165 701 2231 catholicam
725 2166 978 2250 persecutionem
1003 2168 1070 2251 pati
1089 2167 1239 2252 superbia
1256 2171 1289 2233 et
1305 2167 1471 2252 impietate

308 2271 503 2345 eumalium,
529 2291 611 2355 quos
634 2272 864 2357 temporalibus
883 2274 1041 2340 molestiis
1060 2277 1155 2356 atque
1173 2273 1347 2351 terrcdbus
1366 2292 1472 2339 emen·

320 2376 407 2445 dare
431 2380 573 2444 curratur.
612 2378 764 2463 quicquid
797 2399 871 2465 engo
903 2380 983 2445 facit
1013 2399 1089 2446 uera
1120 2389 1153 2447 et
1183 2380 1329 2467 legitima
1359 2383 1472 2445 mater.

319 2486 416 2552 etiam
440 2485 468 2551 si
490 2503 638 2569 asperum
664 2505 871 2568 amarumque
895 2487 1062 2563 sentiatur,
1086 2505 1146 2552 non
1171 2486 1292 2551 malum
1309 2504 1365 2569 pro
1384 2484 1470 2552 malo
1490 2506 1520 2545 aa

319 2591 433 2658 reddit
468 2591 524 2656 sed
555 2592 675 2658 bonum
708 2592 893 2677 discipliuae
926 2593 1110 2677 expellendo
1133 2592 1263 2658 malum
1291 2590 1472 2676 iniquitatis

319 2699 452 2783 adponit
485 2717 544 2763 non
578 2698 648 2765 odio
682 2699 816 2765 nocendi
845 2699 901 2765 sed
929 2698 1099 2765 dilectione
1127 2699 1268 2765 sanandi.
1300 2697 1472 2764 camboni

320 2810 353 2872 et
389 2806 465 2870 mali
503 2804 614 2870 eadem
651 2806 774 2871 iaciunt
805 2806 980 2888 eademque
1012 2806 1187 2889 patiuntur,
1219 2825 1280 2871 non
1313 2803 1407 2870 lactis
1439 2808 1472 2869 et

320 2912 430 2997 poeuis
459 2910 516 2977 sed
545 2912 650 2977 caussis
677 2912 789 2996 utique
817 2912 1017 2989 discernendi
1045 2915 1130 2977 suut.
1162 2912 1285 2994 Pharao
1318 2910 1472 2995 populum

320 3018 371 3084 dai
417 3016 505 3082 duris
547 3018 712 3084 laboribus
754 3017 928 3095 adterebat
970 3018 1099 3102 Moyses
1141 3018 1276 3083 eurrdem
1316 3016 1472 3101 populum
1493 3036 1522 3088 aa
1589 3080 1599 3099 κ

319 3125 416 3208 impie
445 3128 591 3207 agentem
620 3124 708 3190 duris
738 3124 1005 3217 cohercitionibns
1036 3124 1211 3209 affligebam
1245 3123 1364 3190 similia
1390 3124 1474 3219 fece·

319 3234 403 3307 urat,
428 3231 486 3295 sed
510 3249 569 3295 uon
595 3231 745 3297 similiter
772 3230 924 3314 prodesse
954 3232 1138 3297 uoluerunt:
1172 3230 1228 3297 iile
1257 3229 1473 3302 dominatione

324 3398 371 3485 ἦ
412 3419 602 3475 runnu
667 3420 771 3477 acen
793 3424 836 3476 rs.
858 3424 926 3475 1-c
990 3420 1260 3476 scensas-ao
1323 3419 1473 3475 araas.

322 3510 409 3565 e-,rs
464 3508 757 3565 aseneum-ae

360 3638 371 3688 1
394 3633 470 3688 uenit
489 3632 523 3687 ad
542 3650 585 3687 me
603 3634 663 3687 edd.
683 3651 734 3689 see.
752 3648 825 3689 acor.
846 3635 898 3688 litt.
972 3638 1046 3689 uerit.
1060 3637 1125 3688 Μ
1140 3633 1216 3688 uenit
1230 3633 1258 3686 P
1304 3635 1369 3704 4pa
1388 3647 1475 3686 mrem

323 3720 468 3792 aliquando
486 3722 510 3775 C
563 3720 735 3791 flagellando,
754 3727 819 3780 m.2
838 3722 889 3776 del.
910 3719 964 3777 aud
982 3721 1009 3776 L
1046 3723 1061 3775 7
1076 3727 1237 3790 postquam
1255 3736 1312 3775 roe.
1332 3720 1433 3776 1-21.
1448 3719 1479 3773 P

322 3812 339 3865 8
358 3811 493 3881 superbie,
513 3814 576 3864 send
594 3811 750 3881 snperbiam
767 3811 791 3865 C
839 3814 855 3866 9
875 3810 926 3865 due
946 3810 1040 3865 isteC
1088 3811 1123 3865 10
1141 3810 1365 3879 pru—molestias
1380 3826 1431 3865 en.
1448 3810 1476 3862 A

324 3901 357 3954 lb
382 3916 441 3953 eum
465 3899 522 3970 qui]
549 3915 609 3952 eum
634 3901 679 3968 qui
704 3915 765 3953 eam
790 3904 875 3969 (post
901 3916 960 3953 eum
986 3897 1037 3953 dcl.
1062 3916 1096 3952 tu.
1107 3902 1132 3966 1)
1155 3897 1193 3952 M
1272 3900 1304 3954 16
1328 3902 1356 3953 et
1378 3913 1430 3954 om.
1454 3896 1479 3950 C

324 3990 357 4044 17
377 3987 513 4042 catholica
531 4004 547 4041 a
566 3992 594 4052 (a
613 3988 676 4054 del.)
698 3988 722 4042 C
792 3988 851 4058 pati
870 4005 917 4059 pro
936 3988 1064 4057 superbia
1081 3987 1108 4042 L
1163 3987 1423 4042 responsatores.
1443 4003 1479 4041 α

322 4077 454 4132 inolestus
472 4076 510 4131 M
561 4076 597 4130 ‘20
616 4077 712 4131 ‹st-inm
734 4082 758 4143 (s
776 4083 859 4143 eras.)
879 4077 912 4130 M
963 4078 998 4130 26
1017 4076 1254 4131 cohercitionibus.
1272 4078 1337 4129 Μ
1355 4074 1478 4130 coherci-

325 4165 476 4220 tatiuuibus
498 4166 521 4219 C
539 4165 743 4218 cohertionibus
762 4164 823 4219 ML
1534 4166 1536 4170 ’
