3309 4867
747 1 770 99 i

309 325 397 440 490¹
668 370 863 427 &Aureli
890 371 1111 441 Augustini

308 565 489 650 baptismus
526 569 644 645 autem,
681 584 774 649 quem
807 564 898 632 dedit
927 566 1054 646 Patrue,
1092 586 1154 633 nou
1187 571 1256 633 erat
1285 567 1373 634 Petri
1404 567 1463 634 aed

310 673 430 740 Obriati
462 675 504 751 et,
534 691 630 756 qnam
662 672 750 739 dedit
776 672 910 753 Paulus,
941 693 1002 741 nou
1035 678 1105 740 erat
1130 675 1229 741 Pauli·
1256 674 1314 742 aed
1341 674 1463 742 Christi

309 782 351 858 et,
376 796 471 862 quem
505 776 668 856 dederunt,
693 778 747 862 qui
779 781 922 865 ternpore
951 776 1170 866 ¹apostolorum
1193 766 1258 847 non
1287 785 1375 861 onata
1404 780 1462 847 aed

307 902 364 968 per
398 882 552 950 inuidiam
585 881 749 950 Christum
782 883 1022 963 adnuntiabunt,
1060 905 1123 953 non
1160 892 1228 954 erat
1258 906 1368 955 eorum
1404 885 1462 953 zeb

309 990 427 1056 Christi
456 992 499 1067 et,
524 1008 617 1074 quem
641 989 805 1071 dedorunt,
836 990 892 1075 qui
919 994 1064 1076 tempore
1093 991 1243 1076 Cypriani
1269 991 1386 1059 fundos
1415 992 1462 1058 in·
1498 1020 1514 1060 z

308 1078 437 1162 uidioaia
469 1094 636 1161 bentibus
668 1096 844 1181 rapiebant,
881 1097 988 1164 usuris
1024 1091 1315 1182 multipliaantibua
1348 1097 1462 1165 izanue

308 1203 478 1288 angebant,
509 1221 572 1269 non
600 1206 667 1268 erat
694 1217 802 1269 eornm
833 1201 890 1269 aad
913 1202 1043 1270 ebriati.
1076 1205 1111 1270 et
1138 1204 1214 1288 quia
1235 1203 1357 1271 Obrieti
1378 1208 1462 1279 erat,

307 1309 390 1388 ideo,
423 1309 572 1392 quamuis
600 1327 661 1375 non
688 1327 745 1390 per·
772 1308 923 1392 aequabo
952 1308 1081 1375 (iuratum
1108 1309 1173 1389 eia,
1197 1313 1317 1389 temen,
1345 1309 1463 1394 quibua

308 1406 452 1493 dabatur,
489 1416 663 1500 aequaliter
698 1414 857 1499 proderat.
889 1432 961 1481 nam
994 1417 1024 1482 zi
1055 1418 1145 1483 tanto
1174 1416 1296 1483 melina
1327 1415 1463 1500 quiaque

306 1521 496 1607 baptizatur,
533 1526 652 1606 quanto
688 1541 707 1587 a
741 1522 874 1587 meliora
910 1521 1009 1589 fuerit
1041 1522 1237 1607 baptizatus,
1271 1536 1343 1589 'non
1376 1525 1463 1587 rante
1485 1551 1514 1589 ιο

307 1630 426 1713 gratiam
459 1630 528 1716 agit
559 1624 737 1715 apostolae,
774 1628 860 1712 quod
895 1629 1054 1694 neminem
1087 1627 1325 1695 Corinthiorum
1360 1626 1462 1711 bapti·

307 1736 429 1801 zauerit
449 1735 511 1800 niai
539 1732 688 1819 Crispum
713 1738 745 1800 et
775 1734 891 1803 Gaium
926 1738 959 1800 et
987 1733 1166 1820 Stephanae
1195 1735 1340 1811 domum
1373 1738 1462 1800 tanto

307 1841 392 1907 enim
414 1841 531 1908 maline
550 1841 796 1925 baptizarentur,
821 1845 940 1925 quanto
970 1845 1039 1908 erat
1065 1841 1187 1908 Paulae
1215 1841 1338 1920 melior,
1367 1841 1395 1908 ai
1421 1841 1462 1907 ab

175 2008 178 2013 .
306 1950 377 2034 ipso
418 1948 667 2034 baptizarentur.
709 1948 845 2034 denique
883 1968 957 2015 oum
995 1949 1090 2016 dicit:
1130 1949 1214 2034 ligo
1256 1949 1461 2032 plantaui2

306 2057 454 2157 Apoblo
478 2055 646 2155 riganit,
670 2055 800 2121 uidetur
822 2053 1002 2141 signiioare
1031 2075 1066 2121 ee
1091 2054 1341 2141 euangeliuaeae,
1369 2054 1462 2121 illurn
1482 2081 1513 2123 ra

306 2162 497 2246 baptizasse.
525 2161 678 2245 numquid
700 2161 815 2227 melior
836 2161 953 2245 Apollo
978 2182 1074 2246 quarn
1098 2162 1279 2229 lobannea?
1307 2180 1365 2228 eur
1385 2177 1462 2246 ergo

305 2272 381 2353 poet
403 2268 502 2333 iatum
532 2287 595 2334 nou
622 2266 814 2352 baptizabit,
840 2269 895 2351 qui
927 2271 1002 2353 poet
1025 2267 1199 2335 Iohannem
1232 2267 1462 2353 baptizarent,

270 2375 272 2379 '
306 2372 368 2438 niai
387 2373 462 2457 quia
484 2373 545 2439 iate
568 2372 748 2458 baptismus
772 2393 829 2459 per
852 2374 1029 2457 quemlibet
1052 2373 1147 2440 (latua
1167 2372 1287 2440 Gir-iuti
1310 2371 1462 2452 nantilla

307 2483 414 2546 autem
432 2498 489 2564 per
506 2478 682 2562 quemlibet
705 2479 809 2557 datae,
829 2480 977 2563 quamuis
999 2480 1127 2548 Chri—sto
1146 2479 1234 2546 uiam
1252 2481 1462 2565 praepararet,

306 2586 414 2650 tamen
436 2584 586 2652 Iohannis
611 2584 700 2673 erat?
1480 2613 1513 2657 ao

254 2694 297 2758 48
351 2690 514 2757 Inuidiosa
541 2691 606 2757 dici
632 2692 776 2759 uidetur:
809 2693 901 2781 ‘Post
926 2692 1100 2761 Iohannem
1128 2692 1325 2780 baptizatum
1353 2696 1403 2758 eat
1429 2695 1464 2756 et
1517 2756 1520 2761 ⁴

305 2801 382 2892 poet
406 2797 584 2864 haereticos
608 2818 669 2865 non
692 2799 903 2884 baptizatar’3
933 2800 989 2866 aed
1016 2802 1126 2885 potest
1153 2805 1192 2866 et¹
1212 2799 1275 2866 hoo
1303 2797 1463 2865 inuidiosa

307 2902 386 2970 diei:
424 2904 514 2971 ‘Post
548 2905 721 2971 Iohannem
752 2905 950 2990 baptizatum
979 2911 1030 2972 est
1049 2909 1092 2973 'et
1121 2910 1197 2992 poet
1228 2905 1370 2972 ebriosos
1397 2920 1461 2969 non

305 3008 507 3093 baptizetur’.
537 3011 655 3077 melius
684 3010 767 3077 anim
797 3012 859 3078 boo
885 3011 1003 3078 uitium
1032 3029 1257 3091 commemoro,
1290 3007 1376 3093 quod
1403 3026 1463 3074 neo

307 3116 467 3182 occultare
493 3121 641 3200 poaaunt,
672 3116 704 3183 in
732 3118 851 3200 quibua
879 3121 1068 3203 regnabat,
1095 3136 1191 3201 quam
1218 3116 1314 3184 multi
1342 3115 1511 3199 ubique„

307 3222 380 3302 sint,
413 3222 485 3305 qnia
516 3222 570 3288 uel
598 3242 711 3290 caecae
738 3225 887 3309 ignorat?
920 3227 952 3290 et
979 3227 1086 3291 tamen
1113 3222 1198 3290 inter
1223 3241 1321 3309 opera
1348 3221 1461 3299 earnis,
1596 3250 1601 3263 ·

307 3346 389 3413 qnae
419 3327 474 3412 qni
510 3332 620 3413 agunt,
658 3349 790 3415 regnum
823 3330 874 3395 dei
911 3349 972 3396 non
1009 3328 1230 3414 possidebunt,
1267 3329 1365 3396 etiam
1400 3326 1462 3393 boo

396 3520 503 3575 aero.
525 3521 548 3583 ι,
570 3521 617 3583 15;
639 3521 671 3575 17
726 3521 843 3593 aoypr.
863 3478 1001 3592 ammo
1020 3538 1040 3575 e
1062 3522 1119 3591 op.
1135 3521 1198 3585 241,
1212 3517 1462 3576 a-ued.nerte1.

309 3609 340 3663 11
361 3606 456 3664 1001.
477 3608 500 3669 1,
522 3608 627 3663 14-1a
683 3607 749 3662 141
768 3606 829 3662 cor.
849 3607 912 3671 aa

342 3729 509 3786 amede-e
528 3746 610 3802 quem
628 3745 679 3784 on.
699 3729 731 3783 N
764 3731 860 3785 ierat
878 3745 930 3785 oua.
946 3731 974 3784 A
1009 3729 1463 3787 bonteiundoaroa.1.-21.A

307 3819 436 3876 8bnuuen
455 3834 472 3874 a
490 3817 589 3889 quibui
607 3817 635 3873 1,
725 3819 760 3874 lo
777 3834 795 3874 a
812 3836 865 3874 ona.
884 3818 943 3874 AN
1037 3819 1134 3874 melior
1151 3818 1185 3874 N
1276 3817 1368 3874 inerat
1385 3819 1463 3879 (ott

307 3908 401 3975 inerit)
419 3907 574 3978 baptizatuz
595 3905 679 3961 θοή
697 3906 744 3976 qui
762 3906 888 3977 baptizat
905 3906 939 3961 N
1015 3906 1047 3962 il
1068 3907 1172 3977 egitO
1250 3908 1284 3963 12
1303 3906 1415 3978 pagium
1432 3906 1463 3961 A

343 3995 495 4067 ztapbznae'
512 3995 541 4049 P
595 3996 629 4050 14
646 3994 695 4049 ilio
713 3994 742 4050 R
801 3995 832 4050 lo
852 4011 899 4051 our
918 4011 982 4066 ergo
1001 4010 1057 4050 non
1076 3998 1140 4066 pout
1157 3997 1248 4067 iprum
1266 3992 1463 4067 baptizauit'R

309 4084 344 4141 18
362 4088 422 4140 erat
440 4083 535 4139 ebriati
552 4083 591 4137 Μ
653 4084 686 4138 19
704 4087 911 4153 praeparauerat
928 4083 959 4138 N
1018 4082 1242 4139 zoboennum
1260 4084 1334 4139 anim
1349 4084 1464 4153 panetio

307 4188 379 4230 corr.
398 4170 436 4227 Π
505 4173 540 4227 25
559 4172 616 4225 aiut
633 4170 779 4241 ubiqneO
849 4171 884 4226 26
904 4174 976 4237 aunt,
996 4170 1275 4227 oozr.zn.1aintll
1359 4171 1394 4226 at
1414 4172 1464 4241 qui

307 4278 360 4316 on.
380 4267 407 4315 Δ
