3309 4867
1217 384 1748 456 epistularum
1804 383 1922 444 011.
1979 382 2122 443 cm.
2679 391 2807 457 5¹?ss

517 575 881 661 philosophi
934 594 1158 642 uocem
1213 595 1337 643 non
1393 576 1594 656 illius,
1660 596 1849 660 quem
1903 576 1968 643 in
2017 577 2394 648 Academiae
2441 581 2631 665 Lycio
2683 601 2811 649 me·-

516 684 768 748 morant
833 681 1189 748 tenebrosis
1262 681 1457 749 humo
1534 682 1784 767 angulis
1864 683 2268 764 residentem,
2355 699 2427 753 ex
2499 685 2811 773 profunda

518 786 789 871 quadam
865 787 1247 873 cogitatione
1321 788 1704 868 demersum,
1775 789 2058 864 reductis
2123 789 2205 856 ad
2275 791 2543 859 frontem
2619 801 2811 873 caput

515 894 899 980 implicitum
967 895 1260 980 genibus,
1324 897 1400 960 ut
1462 894 1728 961 aliorum
1791 896 2113 978 praeclara
2172 896 2434 963 inuenta
2487 901 2811 965 dfisstriuffi

458 1020 484 1061 ο
518 1019 756 1086 egenus
820 1000 1081 1085 quidam
1144 1002 1565 1068 calumniator
1628 1006 1956 1088 oppugnet
2023 1001 2403 1088 adsertaque
2467 1009 2807 1089 praestare,

518 1126 663 1173 cum
710 1126 901 1174 suum
938 1106 1097 1174 nihil
1122 1108 1452 1188 defendat,
1490 1110 1770 1189 accuset,
1809 1108 1924 1175 sed
1959 1109 2147 1194 plane
2180 1110 2491 1176 excitatus
2531 1113 2807 1177 creticus

514 1216 627 1280 tua
681 1218 829 1280 ante
876 1214 1097 1280 oculos
1162 1214 1347 1289 stetit
1398 1214 1488 1281 M.
1545 1214 1797 1282 Tullius
1854 1216 2230 1284 consularis.
2296 1214 2408 1300 qui
2459 1217 2807 1285 innumeris

518 1320 760 1386 ciuium
825 1319 1143 1402 capitibus
1207 1321 1601 1388 conseruatis
1665 1321 1936 1388 forensis
2001 1322 2206 1406 campi
2272 1321 2459 1406 signa
2523 1325 2811 1393 uictricis

517 1425 929 1510 stupentibus
965 1425 1266 1493 Graeciae
1313 1427 1552 1496 scholis
1595 1423 1919 1500 laureatus
1953 1428 2215 1494 inferret
2252 1427 2595 1513 tubamque
2635 1433 2803 1493 illam

428 1556 480 1597 ιο
519 1552 779 1599 canorae
832 1533 1015 1600 uocis
1062 1537 1127 1599 et
1178 1532 1459 1618 linguae,
1517 1552 1707 1616 quam
1761 1535 1827 1599 iu
1876 1534 2209 1599 criminum
2258 1551 2399 1602 reos
2447 1541 2511 1601 ct
2555 1537 2647 1601 rei
2695 1557 2807 1617 pu-

516 1637 719 1704 blicae
773 1638 1114 1723 parricidas
1170 1641 1403 1724 spiritu
1457 1640 1666 1707 iustae
1709 1637 2167 1725 indignationis
2210 1640 2471 1712 flauerut
2520 1641 2807 1721 anhelus,

517 1744 860 1818 inuerteret
890 1747 1235 1831 togamque
1271 1746 1478 1830 ipsam
1513 1766 1815 1831 rugarum
1850 1746 2100 1833 paginis
2134 1745 2436 1814 resolutis
2471 1749 2807 1829 palliarum

518 1852 804 1919 imitatus
852 1853 1130 1936 speciem
1176 1856 1583 1937 retorqueret

382 1958 426 2021 2
604 1958 961 2042 Ergo,cum
1002 1978 1118 2025 nos
1156 1959 1234 2024 ad
1272 1958 1854 2044 exsuperantissimi
1892 1957 1993 2026 dei
2024 1961 2272 2025 cultum
2309 1959 2807 2045 religionemque

428 2089 481 2129 ιο
517 2064 950 2148 compelleres,
1003 2064 1276 2155 lib-enter
1319 2065 1564 2142 audiui3
1622 2084 1814 2149 quam
1859 2066 2200 2133 caelestem
2244 2066 2511 2150 patriam
2559 2069 2807 2133 intuen-

518 2171 662 2236 dam
717 2190 861 2237 esse
924 2168 1247 2250 suaderes,
1314 2174 1634 2257 'gratanter
1695 2172 1931 2256 accepi.
1995 2192 2118 2239 non
2174 2173 2339 2240 enim
2406 2172 2581 2238 illam
2651 2173 2803 2237 mihi

518 2278 846 2344 ciuitatem
875 2277 1081 2344 dicere
1117 2277 1439 2358 uidebare,
1480 2298 1670 2363 quam
1699 2278 1961 2345 muralis
1993 2279 2224 2364 aliquis
2263 2264 2459 2364 gyrus
2493 2281 2803 2353 schemat,

515 2403 629 2451 nec
665 2371 864 2463 illam,
897 2403 1092 2467 quam
1127 2384 1652 2469 philosophorum
1691 2387 2002 2453 metatus
2031 2387 2414 2464 mundanam
2449 2405 2803 2453 memorans

516 2509 915 2557 communem
980 2490 1273 2557 omuibus
1336 2492 1688 2575 profitetur,
1753 2491 1867 2560 sed
1931 2511 2121 2576 quam
2184 2511 2467 2577 magnus·
2523 2493 2675 2557 deus
2743 2501 2815 2553 ¹st,

422 2623 478 2665 so
514 2616 662 2675 uere
726 2599 986 2663 meritae
1057 2597 1122 2663 in
1186 2617 1261 2663 ea
1324 2598 1567 2664 animae
1636 2598 1931 2663 habitant
1992 2602 2182 2682 atque
2241 2582 2547 2673 incolunt,
2615 2621 2803 2681 quam

515 2722 733 2770 om-nes
812 2704 988 2789 leges
1062 2704 1335 2771 diuersis
1412 2704 1538 2770 uiis
1616 2709 1683 2771 et
1752 2705 2117 2771 tramitibus
2199 2707 2527 2791 appetunt,
2615 2725 2803 2785 quam

512 2809 825 2894 loquendo
874 2810 1216 2892 exprimere
1260 2829 1384 2876 non
1427 2828 1794 2894 possumus,
1844 2810 2182 2895 cogitando
2218 2809 2483 2877 forsitan
2523 2813 2803 2873 inuenire

510 2916 859 3001 possimus.
925 2915 1081 2983 haec
1134 2935 1285 3002 ergo
1339 2917 1493 2982 licet
1544 2917 1979 3002 principaliter
2032 2917 2384 3001 appetenda
2428 2921 2615 2997 atqua
2667 2917 2803 2985 diii-

512 3020 715 3107 genda
768 3023 860 3087 sit
932 3026 1144 3088 tamen
1178 3023 1369 3089 :inam
1413 3042 1538 3089 non
1584 3024 1853 3090 arbitror
1898 3022 2331 3102 deserendam,
2387 3023 2455 3088 in
2499 3044 2623 3105 qua
2675 3025 2800 3085 nati

420 3156 476 3198 a,
514 3134 576 3193 et
622 3129 821 3211 geniti
868 3147 1113 3206 sumus,
1170 3147 1332 3215 quae
1379 3130 1583 3212 prima
1626 3131 1813 3196 nobis
1855 3149 2044 3195 usum
2092 3130 2257 3196 lucis
2303 3130 2495 3195 huius
2547 3129 2799 3201 infudit,

514 3254 673 3317 quae
737 3235 920 3313 aluit,
986 3254 1152 3318 quae
1201 3235 1506 3302 educauit
1560 3238 1646 3316 et,
1710 3240 1804 3314 ut,
1873 3235 2042 3320 quod
2097 3236 2175 3301 ad
2231 3253 2491 3302 causam
2555 3237 2803 3317 proprie

510 3341 805 3422 pertinet,
856 3341 1082 3420 dicam,
1132 3342 1209 3407 de
1248 3362 1374 3427 qua
1416 3343 1576 3408 bene
1620 3342 1865 3408 meritis
1911 3342 2071 3407 uiris
2109 3340 2467 3411 doctissimi
2515 3341 2803 3405 hanzines

510 3450 718 3515 ferunt
779 3452 931 3531 post
982 3449 1228 3530 obitum
1287 3450 1567 3533 corporis
1621 3450 1688 3515 in
1744 3449 1916 3515 caelo
1953 3446 2371 3515 'domicilium
2424 3449 2799 3530 praeparari„

510 3559 585 3620 ut
635 3555 950 3639 promotio
997 3555 1306 3639 quaedam
1356 3556 1434 3621 ad
1482 3575 1818 3639 supernam
1861 3557 2224 3640 praestetur
2265 3553 2368 3620 his
2415 3554 2799 3625 huminibus,

418 3680 473 3723 so
511 3661 821 3744 qui'bene
870 3663 947 3726 de
992 3662 1377 3745 genitalibus
1425 3662 1691 3728 urbibus
1738 3663 2124 3740 meruerunt,
2182 3664 2247 3726 et
2291 3659 2360 3725 hi
2405 3661 2603 3742 magis
2659 3681 2799 3721 uum

690 3887 899 3941 14—16
938 3885 1006 3940 cf.
1044 3887 1167 3952 589,
1204 3887 1345 3942 6--7
1383 3889 1441 3942 et
1482 3886 1686 3941 10—11
1871 3887 2080 3941 20—21
2124 3908 2193 3933 ==
2229 3902 2283 3958 p.
2323 3885 2446 3950 590,
2483 3885 2703 3953 wit-‘Ji

584 4013 609 4066 1
650 4011 861 4081 Lycaeo
899 4028 952 4065 m
1057 4012 1096 4064 4
1131 4010 1464 4083 implicuisse
1502 4011 1672 4077 (uisse
1707 4011 1772 4066 in
1805 4017 1943 4078 ras.)
1984 4009 2038 4064 U
2066 4008 2399 4080 implicuisse
2436 4025 2488 4063 ιιι
2605 4013 2659 4061 11
2711 4009 2799 4061 fla-

507 4104 682 4164 uent,
717 4116 789 4154 m.
812 4103 851 4153 2
887 4099 1174 4154 inflauerst
1217 4099 1272 4155 U
1304 4098 1683 4154 inflauerataes
1837 4101 1904 4153 15
1944 4099 2126 4168 quam]
2168 4114 2289 4153 cum
2325 4114 2381 4151 m
2535 4101 2607 4149 2ss
2651 4101 2795 4165 uere]

506 4188 646 4243 bene
680 4205 735 4243 m
881 4190 937 4242 in
976 4189 1060 4259 es]
1097 4186 1173 4242 ds
1204 4204 1267 4243 eo
1313 4186 1370 4244 U
1398 4204 1452 4242 m
1559 4189 1629 4243 23
1667 4188 1939 4258 possimus
1978 4189 2020 4253 (i
2055 4186 2119 4241 in
2154 4190 2294 4253 ras.)
2341 4184 2396 4241 U
2427 4201 2703 4256 ponas-mus
2747 4205 2799 4237 ⁴13

505 4278 570 4331 in
604 4294 716 4334 ras.
753 4294 822 4331 m.
844 4279 903 4345 2)
952 4276 1001 4330 V
1035 4292 1316 4347 possemus
1354 4275 1475 4332 cdd.
1584 4277 1655 4331 29
1693 4292 1925 4347 superna
1968 4274 2023 4330 U

2631 4381 2727 4429 ffi'*
