3309 4867
262 313 328 378 220
637 310 665 365 S.
693 309 831 366 Aureli
857 308 1077 379 Augustini

253 480 353 568 -nosei
381 506 414 567 et
441 501 559 586 corrigi
585 505 704 587 potest,
727 501 926 582 nondebnit
947 504 1055 567 tamen
1077 502 1110 566 in
1133 503 1292 608 tractoria,
1316 520 1411 584 quam
1437 505 1440 512 '

262 608 353 674 misit
373 608 599 675 uenembilitas
626 611 693 689 tua,
720 627 835 674 nomen
863 608 933 673 eius
960 608 1180 692 praetermitti.
1211 608 1297 690 quod
1323 608 1351 674 si
1377 609 1409 672 in

261 713 376 779 mediis
393 714 476 780 loeis
495 715 747 808 conscriberetur
764 719 798 780 et
815 733 877 780 uon
895 715 927 780 iu
940 714 1047 797 ‘primo
1070 717 1250 798 poneretur,
1272 713 1410 797 multum

264 822 408 897 mirarem
442 825 559 903 quanto
591 820 695 905 magis
727 821 907 886 mirandum
940 825 1001 900 est,
1030 821 1116 904 quod
1141 818 1230 886 nulla
1254 821 1315 885 tibi
1341 820 1410 885 eius

261 926 489 1012 admemoratio
509 927 594 994 iacta
612 930 672 1005 est,
690 928 746 1011 qui
765 925 900 993 maxime
918 927 958 992 ad
976 927 1146 993 concilium
1164 927 1272 992 uenire
1290 926 1410 1005 debuit,
1441 947 1456 989 s

262 1035 309 1098 ut
323 1031 362 1096 de
384 1032 456 1115 ipso
479 1032 635 1115 primatus
659 1032 778 1112 ordine,
802 1052 884 1115 qnae
912 1052 1017 1100 eausa·
1036 1033 1180 1099 omnium
1202 1031 1413 1098 Numidarum
1490 1109 1495 1118 ³

262 1139 458 1223 episeopis†
482 1139 690 1205 ecelesiarum
712 1141 880 1224 primatus,
903 1145 1060 1226 ageretur.

216 1242 237 1305 2
307 1244 368 1309 His
393 1244 431 1310 de
455 1245 563 1322 causis
586 1245 683 1311 etiem
706 1246 816 1311 uenire
845 1247 1033 1322 dubitarem,
1056 1266 1096 1312 ne
1118 1247 1201 1312 lorte
1223 1246 1305 1312 lalsa
1326 1253 1413 1312 esset

261 1350 421 1429 baeturia,
454 1369 527 1436 ,qua
565 1355 656 1417 tanta
694 1354 890 1435 peruersitas
932 1357 1107 1437 appareret,
1147 1371 1340 1436 quamquam
1380 1355 1413 1416 et

262 1455 410 1547 angustia
440 1458 595 1542 temporis
628 1463 662 1524 et
692 1458 773 1523 aliae
804 1469 921 1542 grates
948 1458 1156 1525 necessitates
1181 1477 1234 1531 me
1257 1458 1412 1544 multipli-
1431 1479 1459 1519 ro

262 1564 342 1631 oiter
363 1563 565 1647 impedirent.
589 1564 674 1631 unde
697 1568 772 1649 poto
796 1565 1026 1630 beatitudinem
1049 1568 1150 1643 tuam,
1172 1568 1211 1628 ut
1228 1565 1307 1629 mibi
1323 1565 1412 1649 igno-

262 1690 334 1738 seas
358 1674 390 1736 et
412 1672 516 1755 primo
536 1671 667 1749 ,instare
701 1670 852 1756 digneris,
880 1674 918 1737 ut
943 1672 1027 1736 inter
1052 1674 1143 1736 tuam
1170 1670 1412 1763 sanctimoniam
1476 1730 1482 1739 .

249 1780 295 1841 'et
317 1796 425 1843 senem
443 1777 663 1861 Xanthippum
686 1777 884 1844 concorditer
906 1780 1041 1856 constet,
1065 1776 1137 1861 quis
1155 1780 1300 1842 uestrum
1318 1776 1414 1850 debet

262 1902 438 1952 conuocare
462 1883 648 1961 eo‘neilium3
677 1887 734 1948 aut
756 1887 854 1960 serto,
879 1883 964 1967 qnod
989 1883 1149 1950 salubrius
1173 1883 1316 1963 arbitror,
1344 1882 1413 1948 sine

262 1992 451 2074 cuiusquam
475 1989 671 2073 praeiudicio
694 1991 787 2056 ambo
811 1994 985 2056 consecute
1008 1989 1148 2074 collegas
1184 1992 1321 2066 nostros,
1358 2007 1412 2053 eos
1432 2011 1458 2050 ιε

262 2098 407 2175 maxime,
436 2095 491 2178 qui
519 2097 613 2161 uobis
641 2097 978 2180 episeopatusaetate
999 2091 1100 2162 uicini
1122 2099 1207 2174 sunt,
1232 2095 1413 2179 quitando,

262 2204 334 2287 quis
366 2205 512 2267 uestrum
543 2221 655 2267 uerum
689 2202 786 2279 dieat,
813 2198 1003 2288 'umescant
1035 2208 1073 2267 ut
1099 2203 1266 2279 internos
1292 2218 1412 2284 peueos

261 2310 372 2375 eadem
394 2326 469 2394 prae
493 2307 607 2373 oeteris
630 2308 776 2392 quaestio
799 2308 967 2374 dirimatur
988 2311 1022 2371 et
1044 2326 1147 2373 errore
1167 2306 1294 2372 sublato
1312 2305 1411 2370 mino

261 2434 312 2480 res
341 2434 360 2479 a
386 2414 502 2482 ceteris
531 2418 758 2492 conuoeentur,
786 2414 841 2498 qui
869 2432 927 2479 nee
954 2417 1091 2497 possunt
1115 2432 1175 2479 nee
1202 2412 1320 2478 debent
1348 2411 1421 2479 nisi·

261 2522 355 2587 uobis
377 2521 409 2585 in
433 2522 492 2586 hae
516 2540 549 2586 re
571 2523 736 2603 tamquam
752 2519 919 2603 prioribus
942 2521 1068 2589 eredere
1091 2526 1124 2585 et
1145 2540 1229 2585 nune
1256 2519 1411 2603 ignorant,
1429 2540 1457 2580 ao

261 2627 318 2692 eui·
348 2628 492 2690 uestrum
524 2626 730 2709 potissimum
762 2625 899 2690 credant.
938 2625 1019 2691 hane
1050 2626 1221 2709 epistulam
1253 2626 1411 2710 signatam

260 2732 336 2798 misi
359 2727 466 2809 anulo,
490 2732 546 2814 qui
570 2732 718 2816 exprimit
739 2732 853 2797 laniem
877 2732 1237 2807 bominis-adtendentis
1259 2733 1292 2796 in
1314 2731 1410 2796 lutus.

297 2922 359 2976 lin
381 2912 482 2975 (ΜΤ
547 2922 612 2976 din
631 2937 685 2976 om.
704 2921 784 2978 codd.
857 2921 1056 2977 3scriberetur
1078 2921 1106 2976 U
1174 2922 1249 2977 tibi
1267 2938 1300 2975 eor
1318 2921 1364 2974 ubi
1387 2919 1414 2973 V

259 3011 299 3066 ibi
322 3010 348 3065 U
355 3027 383 3064 or
437 3011 468 3064 b
487 3005 679 3064 admemoratio
699 3015 741 3076 (eo
760 3010 793 3064 in
809 3009 992 3079 raa.;saitne
1009 3009 1080 3076 ad?)
1104 3011 1130 3064 V
1146 3006 1413 3071 commemoratioU
1451 3011 1456 3014 “

260 3101 278 3156 6
302 3115 354 3169 que
377 3113 460 3154 eausa
482 3097 509 3152 V
530 3100 578 3169 qui
602 3113 683 3153 musa
704 3097 732 3153 U
754 3114 836 3153 causa
851 3101 871 3168 s
876 3099 887 3151 1
894 3114 933 3152 sr
955 3116 1080 3152 eoramm
1171 3100 1186 3153 7
1206 3100 1331 3168 primitus
1349 3096 1410 3151 edd.

263 3189 296 3242 12
315 3186 446 3256 dignaris,
466 3203 536 3242 eorr.
554 3192 617 3241 Μ
639 3186 762 3256 digneris
784 3187 810 3240 Τ
899 3188 933 3242 13
956 3188 1133 3258 smotippnrn
1147 3187 1226 3242 oodd.
1244 3187 1410 3256 xantippum

261 3276 323 3331 edd.
404 3275 575 3331 concorditer
592 3275 643 3340 bis,
663 3277 789 3330 altmar-
802 3291 860 3343 sep.
879 3277 908 3330 R
989 3276 1043 3338 det,
1062 3281 1128 3331 Μ
1146 3275 1247 3330 debent
1269 3274 1297 3330 U
1312 3274 1411 3328 debeat

159 3439 162 3446 Ι
261 3364 322 3420 edd.
378 3364 412 3417 14
430 3358 558 3418 inuoe'are
576 3364 605 3419 R
677 3363 813 3418 salubrius
833 3379 892 3417 esse
911 3364 1027 3418 arbitror
1044 3363 1134 3418 RVU
