3309 4867
613 245 878 369 epistularum
905 298 1026 354 XXXVL
1348 305 1390 376 37

238 495 352 578 autem
384 492 556 578 humiliter¹
579 491 667 572 fideli
699 492 753 558 nel
784 491 921 559 fideliter
957 493 1072 560 humili
1107 493 1294 580 religiosum
1332 500 1392 563 eat.

245 597 393 681 quamuis
407 597 591 680 euangelica
605 598 764 687 scriptura
776 617 839 666 non
854 597 1165 666 dixeritdamnatum
1173 600 1392 681 Pharisaeum,

246 704 302 769 sed
324 704 428 789 magis
451 703 664 770 iustifleatum
688 703 811 794 duent
824 692 1043 788 publicanum.
1274 790 1277 796 Ι
1465 699 1467 710 ⁴

171 818 194 881 8
289 810 408 876 Verum
437 811 466 876 si
493 810 553 876 hoo
580 811 677 877 modo
705 811 836 895 putauit
860 811 926 879 iste
952 808 1215 900 intellegendum,
1239 813 1326 898 quod
1348 815 1395 880 ait

211 913 805 987 edominuszNisiabnurlanerit
822 918 996 985 iustitia
1013 919 1391 1004 nestrapInsquam

246 1023 474 1090 scribarum
502 1027 541 1090 et
567 1023 896 1104 Pharisaeorum,
925 1025 1249 1096 nonvirrraoitie
1277 1027 1316 1092 in
1338 1046 1393 1092 re·

247 1148 363 1215 gnum
395 1130 609 1209 saelorum,
642 1133 690 1207 ut,
713 1129 777 1194 nisi
808 1130 949 1213 amplius
983 1150 1079 1213 quam
1110 1130 1162 1196 bis
1193 1131 1227 1197 in
1259 1133 1393 1199 sabbato

245 1236 434 1314 ieiunemus,
457 1236 518 1302 lroe
541 1240 747 1320 praeseptum
769 1252 832 1303 non
854 1237 1018 1320 possimus
1041 1219 1285 1321 impleremus
1308 1238 1395 1321 qnod

246 1346 368 1424 septem
396 1342 465 1408 dies
493 1346 580 1419 sunt,
610 1342 665 1425 'qui
693 1343 859 1408 uolumine
885 1346 1065 1428 temporum
1092 1363 1150 1429 per
1173 1332 1232 1410 sua
1253 1345 1394 1432 uestigia

198 1474 227 1518 m
247 1453 445 1514 reuocentur.
473 1467 546 1514 oum
575 1468 650 1534 ergo
679 1468 716 1514 ex
742 1448 792 1514 his
820 1449 956 1515 biduum
984 1450 1120 1533 quisque
1148 1449 1326 1528 detraxerit,
1354 1471 1393 1517 ne

247 1554 376 1620 sabbate
414 1555 636 1639 dominicoque
673 1554 804 1632 ieiunet,
846 1558 1010 1621 remanent
1056 1556 1124 1621 diss
1167 1557 1317 1640 quinque,
1355 1555 1393 1622 de

247 1661 362 1743 quibus
384 1660 592 1728 Pharisaeum
615 1680 763 1752 superare
786 1661 891 1745 possit
908 1661 958 1726 bis
978 1662 1010 1726 in
1034 1661 1167 1728 sabbato
1189 1662 1393 1732 ieiunantem.

246 1772 323 1851 puto
343 1767 439 1844 enim,
454 1766 549 1850 qnod,
566 1769 595 1834 si
613 1772 663 1833 ter
676 1768 708 1833 in
723 1768 855 1834 sabbato
876 1769 1012 1854 quisque
1029 1769 1162 1848 ieiunat,
1177 1771 1240 1835 iam
1263 1772 1395 1853 superat

128 1881 131 1886 ⁴
247 1873 464 1952 Pharisaeum,
488 1873 544 1956 qui
570 1873 620 1968 bis
648 1865 681 1940 in
710 1875 843 1940 sabbato
870 1875 1043 1941 ieiunabat.
1067 1875 1153 1959 quod
1177 1876 1205 1941 si
1227 1879 1261 1940 et
1283 1878 1394 1959 qnater

195 2005 225 2046 re
245 1984 300 2047 uel
332 1982 439 2057 etiam,
470 1984 509 2047 nt
539 1980 649 2047 nuilus
682 1980 804 2047 dierum
839 1987 969 2067 excepto
1002 1982 1135 2048 sabbato
1169 1985 1203 2048 et
1234 1981 1392 2048 dominico

245 2088 527 2172 praetermittatur,
544 2088 577 2152 in
595 2087 793 2153 hebdomade
813 2088 982 2172 qarinqnies
1005 2089 1176 2170 ieiunatur,
1195 2088 1279 2172 quod
1297 2087 1393 2153 multi

245 2197 314 2258 tota
341 2194 410 2258 uita
436 2212 497 2259 aua
521 2191 645 2257 faciunt
672 2192 806 2258 maxime
833 2194 866 2258 in
893 2194 1085 2260 monasterio
1119 2194 1298 2273 constituti,
1329 2213 1393 2259 non

245 2300 352 2367 solum
374 2298 576 2376 Pharisaeus,
599 2298 729 2381 quibis
751 2299 785 2363 in
800 2286 943 2365 'sabbato
965 2300 1137 2378 ieiunabat,
1162 2306 1275 2365 uemm
1297 2300 1393 2365 etiam

246 2405 459 2483 Christianus,
478 2405 534 2488 qui
557 2407 671 2489 quarta
693 2408 727 2470 et
749 2410 838 2472 serta
862 2411 895 2470 et
916 2401 987 2490 ipso
1007 2406 1141 2473 sabbato
1164 2406 1303 2472 ieiunare
1322 2425 1393 2472 oon·

192 2535 224 2576 eo
245 2513 364 2591 saeuit,
388 2510 474 2595 quod
496 2511 679 2594 frequenter
699 2511 843 2577 Romana
865 2513 958 2596 plebs
980 2511 1077 2589 facit,
1094 2513 1125 2577 in
1148 2512 1260 2578 ‘labore
1282 2511 1394 2577 ieiunii

135 2683 143 2696 ,
246 2618 459 2703 superabitur.
483 2622 516 2682 et
537 2621 643 2682 tamen
661 2617 769 2684 neseio
788 2618 860 2702 quis
878 2619 952 2696 iste,
971 2622 1009 2682 ut
1026 2618 1117 2697 dieis,
1137 2618 1267 2684 urbinus
1286 2618 1396 2699 dispu-

245 2728 340 2802 tator,
369 2723 465 2790 etiam
494 2723 522 2788 si
549 2722 685 2807 quisque
707 2724 874 2790 ‘continuis
902 2724 1042 2807 quinqua
1069 2729 1194 2807 praeter
1225 2724 1394 2791 sabbatum

246 2835 279 2897 et
302 2830 497 2897 dominicum
520 2828 634 2895 diebus
656 2830 704 2896 ita
720 2830 857 2908 ieiunet,
882 2836 920 2896 ut
942 2832 1029 2897 nullo
1054 2830 1105 2896 die
1129 2850 1243 2913 eorpus
1267 2830 1393 2896 omnino

246 2935 377 3011 reficiat,
410 2955 483 3002 enm
516 2937 673 3001 carnalem
706 2939 812 3014 uocat,
837 2938 928 3020 quasi
962 2936 1054 3002 oibus
1086 2942 1119 3002 et
1149 2940 1247 3019 potus
1279 2934 1394 3001 ceteris

191 3062 225 3106 aa
246 3042 360 3108 diebus
382 3062 445 3108 non
468 3041 625 3127 pertineat
647 3040 687 3107 ad
707 3061 844 3120 earnem,
864 3047 897 3108 et
915 3042 1129 3110 ,uentrioolam
1152 3040 1394 3123 indicaturam

246 3147 347 3214 solius
371 3147 496 3213 sabbati
517 3148 686 3231 prandium
710 3147 882 3213 descendat
903 3148 936 3213 in
961 3151 1117 3213 uentrem.

335 3357 352 3410 5
370 3354 470 3412 Matth.
488 3359 513 3419 5,
533 3356 568 3411 20

284 3478 422 3542 ramis.
442 3494 511 3534 corr.
530 3481 591 3532 aar
608 3477 705 3533 numm
718 3478 746 3531 Ρ
798 3478 905 3533 anxa
922 3478 983 3533 era.
1037 3479 1154 3549 apum
1171 3475 1316 3531 emmer
1332 3451 1426 3532 aaa)

246 3570 311 3622 iet
330 3565 356 3621 T
374 3567 420 3621 lm
454 3567 672 3644 s8praeoepto
691 3565 737 3621 im
815 3583 960 3636 possumus
982 3566 1035 3620 Ta
1108 3565 1139 3620 11
1161 3566 1349 3647 dominicaque
1370 3565 1397 3620 Τ

282 3656 326 3727 de]
344 3657 373 3711 iu
390 3653 534 3711 P¹P²P³T
551 3655 612 3711 edd.
658 3655 690 3709 13
709 3655 769 3724 quis
788 3655 849 3716 edd.
863 3663 1010 3725 praetera
1052 3654 1086 3710 14
1105 3655 1145 3724 et]
1165 3656 1214 3708 aut
1235 3654 1261 3708 T
1295 3656 1328 3709 15
1343 3653 1392 3708 do·

244 3744 392 3799 minioaT
435 3745 468 3799 lo
486 3745 623 3799 ieiunetur
641 3742 788 3798 P¹P²P³T
806 3760 888 3811 aare
927 3744 960 3798 17
979 3743 1152 3798 monasteriis
1170 3740 1317 3814 1321221221'
1333 3741 1393 3797 edd.
1480 3779 1482 3782 -

245 3834 282 3888 20
299 3834 326 3888 in
343 3833 433 3889 labori
450 3833 490 3886 1²²
543 3833 576 3886 21
597 3833 769 3903 separanitur
788 3832 821 3886 H
873 3833 963 3886 nescit
979 3831 1017 3885 Ρι
1076 3831 1152 3893 diois,
1172 3846 1241 3884 corr.
1261 3828 1395 3884 (ἰίεοίεΡ2

246 3923 281 3977 22
300 3923 414 3992 quisque
433 3920 569 3976 eontinuis
588 3920 718 3990 quinque]
738 3921 852 3989 quisque
873 3927 936 3986 (om.
953 3921 1086 3974 continuis
1106 3920 1237 3989 quinque)
1251 3917 1393 3987 HPquis·

246 4026 299 4082 que
321 4011 440 4081 quinque
464 4008 599 4082 aonunnis
623 4025 642 4062 a
670 4009 732 4078 qais
757 4010 875 4078 quinque
900 4009 1035 4062 continuis
1059 4014 1118 4063 cett.
1142 4006 1203 4061 edd,
1297 4005 1393 4060 diebus

244 4103 352 4170 praeter
369 4098 513 4153 sabbatum
533 4103 562 4152 et
579 4096 743 4152 dominicam
761 4098 850 4166 sipm'e
867 4113 936 4151 corr.
950 4096 990 4151 1²³
1025 4097 1059 4150 23
1075 4096 1118 4150 die
1133 4096 1175 4149 bis
1190 4094 1230 4148 P¹
1284 4095 1393 4149 omnino

246 4203 343 4257 corpus
360 4185 465 4241 reficiat
487 4186 636 4240 Tornnino
655 4185 760 4240 reficiat
779 4203 875 4255 corpas
894 4185 953 4240 edd.
