3309 4867
294 435 360 502 682
656 433 684 490 8.
712 434 854 491 Aureli
879 387 1104 506 Augustini

292 649 350 716 per
376 627 539 696 dominnm
568 630 712 696 nostrum
740 628 850 695 Iesum
878 625 1041 695 Christum
1068 629 1273 697 inlustratum
1301 634 1369 709 est;¹
1393 631 1446 699 cui

293 736 350 805 nni
381 734 524 823 exemplo
562 732 594 800 in
628 733 773 800 cuiusuis
810 733 916 800 animo
952 734 1102 803 ferociter
1128 735 1311 822 sdrognntis
1341 738 1445 804 omnis

294 839 444 925 superbia
465 839 552 908 cedit
573 844 607 906 et
633 839 791 925 frangitur
812 844 847 906 et
868 841 1030 908 emoritur.
1059 841 1193 925 ideoque
1214 863 1276 909 non
1300 842 1446 909 ualentes

293 948 342 1014 illi
374 948 563 1015 auctoritato
594 947 705 1013 turbas
737 949 934 1012 terrenarum
963 966 1072 1014 rernm
1103 947 1273 1015 dilectione
1300 952 1446 1015 caecatas

293 1056 333 1122 ad
369 1053 582 1121 inuisibilium
618 1052 713 1120 idem
746 1054 871 1131 ducere,
908 1055 998 1120 cum'
1014 1073 1068 1120 eas
1104 1054 1251 1121 uiderent
1280 1054 1445 1139 Epicureis
1476 1078 1490 1118 s

293 1162 428 1244 manime
451 1160 707 1227 contentionibus
730 1160 926 1226 commoneri
952 1178 1013 1226 uon
1038 1160 1142 1227 solnm
1167 1160 1207 1225 ad
1229 1160 1445 1238 haunendum,

294 1287 357 1353 quo
388 1267 473 1332 ultro
506 1267 696 1344 terebantur,
731 1265 788 1331 sed
821 1266 918 1330 etiam
950 1265 991 1331 ad
1023 1265 1273 1333 defensitandam
1305 1267 1444 1349 corporis

293 1375 505 1458 uoluptatem¹
530 1372 678 1437 utinen
700 1391 866 1437 summum
888 1371 1008 1438 bonum
1031 1371 1169 1438 bominis
1188 1373 1445 1449 constitueretur,

294 1501 349 1551 eos
385 1481 503 1559 antem,
540 1479 596 1562 qni
637 1477 792 1544 aduersus
829 1478 910 1544 bano
945 1478 1145 1562 uoluptatem
1181 1479 1314 1546 uirtutis
1350 1479 1444 1545 lande

292 1592 503 1666 monerentur,
536 1584 650 1668 minus
692 1583 866 1650 difficulter
902 1603 971 1651 eam
1008 1585 1215 1668 contemplari
1255 1585 1288 1650 in
1330 1585 1444 1651 animis
1463 1610 1489 1650 re

293 1694 468 1769 homiuum,
504 1691 588 1758 unde
625 1690 710 1756 iacta
746 1690 838 1769 bona,
872 1690 910 1756 de
943 1692 1060 1776 quibus
1092 1696 1267 1774 utcumque
1298 1694 1446 1777 poterant

292 1800 442 1876 iudicare,
470 1799 685 1883 procederent
714 1799 812 1863 simul
839 1798 1002 1874 uidebant,
1031 1799 1060 1863 si
1084 1798 1130 1864 eis
1154 1804 1344 1865 conarentur
1369 1798 1446 1863 insi·

292 1925 389 1973 nuere
412 1907 551 1989 aliquam
579 1924 646 1971 rem
670 1905 810 1970 diuinam
836 1910 869 1970 et
891 1924 988 1987 supra
1011 1903 1117 1969 omnia
1139 1904 1445 1982 incommutabilem,

220 2029 226 2042 ⁴
294 2033 375 2098 quae
399 2013 485 2078 nullo
510 2012 728 2096 attingeretur
751 2010 893 2094 corporis
917 2030 1023 2089 seusu,
1052 2010 1110 2076 sed
1133 2012 1202 2077 sola
1224 2015 1332 2077 ruente
1353 2011 1446 2077 intel·

293 2123 462 2205 legeretur,
486 2138 566 2203 quae
589 2122 695 2184 tamen
720 2118 817 2183 etiam
841 2121 985 2183 naturam
1008 2118 1112 2202 ipsius
1134 2119 1252 2184 mentis
1272 2117 1445 2196 excederet,
1465 2143 1491 2183 re

293 2246 429 2310 eumque
458 2244 529 2291 esse
557 2226 653 2290 deum
680 2225 881 2308 propositum
909 2225 1014 2290 animo
1041 2225 1180 2291 humano
1208 2224 1248 2290 ad
1274 2223 1444 2290 fruendum

293 2336 427 2419 purgato
456 2333 497 2398 ab
524 2332 609 2398 omni
636 2331 707 2396 labe
735 2332 952 2424 humanarum
973 2330 1197 2414 cupiditatum,
1229 2329 1262 2396 in
1291 2349 1353 2415 qno
1380 2349 1445 2396 uno

294 2439 511 2522 adquiesceret
531 2438 634 2502 omnis
657 2436 867 2502 beatitudinis
891 2437 1054 2520 appetitus
1073 2439 1106 2501 et
1128 2436 1160 2501 in
1179 2432 1242 2523 q'uo
1266 2436 1358 2503 nobis
1381 2456 1444 2502 uuo

292 2542 446 2611 bonorum
466 2544 608 2608 omnium
628 2542 699 2607 bnis
715 2548 810 2621 esset,
830 2561 894 2607 non
909 2561 963 2608 eos
982 2543 1204 2608 intellecturos
1219 2547 1252 2608 et
1269 2561 1445 2627 repugnan-

292 2651 381 2717 tibus
399 2650 452 2717 uel
467 2650 632 2735 Epicureis
647 2649 701 2715 uel
716 2649 834 2716 Stoicis
850 2650 952 2715 multo
968 2668 1064 2731 qnam
1083 2649 1146 2715 sibi
1160 2649 1286 2716 facilius
1303 2649 1443 2733 palmam
1463 2675 1492 2717 ee

293 2758 433 2835 daturos,
464 2758 511 2823 ita
536 2759 575 2822 nt
601 2775 677 2822 nera
704 2756 906 2839 salubrisque
933 2756 1101 2834 sententia,
1126 2756 1214 2849 guod
1241 2755 1445 2839 perniciosis

293 2865 409 2931 simum
438 2868 488 2929 est
518 2863 626 2947 generi
658 2862 809 2940 humano,
841 2863 1048 2947 inperitorum
1076 2857 1267 2946 populorum
1294 2862 1445 2929 inrisione

292 2969 497 3035 sordesceret.
522 2971 554 3033 et
577 2970 637 3034 boc
661 2968 692 3033 in
716 2969 903 3035 moralibus.

240 3078 281 3142 18
335 3076 371 3141 In
386 3075 584 3141 naturalibus
599 3079 706 3140 autem
721 3074 963 3158 quaestionibus
981 3074 1007 3141 si
1028 3075 1083 3140 isti
1099 3073 1240 3141 dicerent
1255 3074 1445 3140 effectricem

292 3183 433 3249 omnium
458 3184 641 3246 naturarum
665 3199 736 3247 csse
758 3181 976 3263 incorpoream
999 3179 1199 3265 sapientiam,
1222 3181 1272 3245 illi
1296 3187 1402 3246 autem
1426 3199 1494 3249 aes

327 3441 808 3510 duuothorr.as.1nni)P¹V
900 3442 1032 3513 cuiusuis]
1051 3442 1126 3497 cuius
1145 3444 1172 3498 A
1263 3442 1350 3497 omnis
1368 3441 1394 3513 (s
1410 3442 1444 3496 ies

290 3531 358 3595 rus.)
376 3530 412 3584 P¹
477 3531 627 3584 dmoritur
644 3530 671 3582 A
733 3530 820 3585 tilla
838 3530 865 3584 A
937 3530 1119 3585 delectatione
1137 3530 1244 3598 Pars
1300 3528 1443 3594 dduccre,

289 3623 358 3675 rue
373 3617 505 3674 ducerent
521 3618 559 3672 Ρι
579 3617 709 3673 ducerent
726 3619 790 3674 ΜΡ
808 3622 850 3684 (nt
868 3623 950 3684 erce.)
975 3618 1002 3672 V
1035 3618 1144 3689 lquod
1161 3619 1190 3674 P
1206 3621 1318 3689 quaeA
1371 3618 1443 3674 tere-

289 3708 371 3763 batur
393 3706 420 3761 V
489 3706 732 3762 defensandamM
749 3705 987 3761 defendendamR
1059 3706 1293 3779 corpolperisdd
1343 3705 1443 3762 seon-

290 3797 418 3851 stitueret
441 3801 539 3865 (poetr.
564 3796 582 3851 t.
605 3798 671 3850 md
692 3801 718 3849 et
741 3796 868 3864 deinceps
889 3800 958 3860 ror.)
978 3794 1016 3850 P¹
1125 3795 1222 3865 tnui·
1241 3800 1270 3862 (a
1287 3811 1318 3848 es·
1368 3793 1395 3860 sp
1414 3796 1442 3848 A

291 3885 325 3940 10
343 3884 493 3940 difficiliter
510 3886 537 3939 A
612 3885 645 3939 12
662 3884 801 3939 insinnare
820 3883 848 3936 A
921 3885 954 3938 13
972 3897 1054 3956 snper
1071 3882 1132 3941 cdd.
1193 3885 1229 3939 14
1246 3810 1397 3954 attinztn*
1414 3885 1443 3937 A

291 3975 492 4045 attingerentur
511 3979 595 4042 (post.
614 3991 632 4027 n
651 3973 703 4028 del.
723 3991 756 4025 m.
767 3978 792 4040 1)
813 3973 842 4028 R
946 3976 980 4029 15
999 3971 1144 4032 excideret.
1163 3975 1229 4028 aa
1247 3971 1390 4045 excederet
1406 3970 1446 4026 Η

291 4062 420 4117 exciderit
437 4061 464 4116 A
519 4063 553 4116 16
572 4063 643 4131 esse]
663 4078 692 4115 se
711 4062 810 4114 esseP
883 4061 1001 4116 humano
1020 4060 1151 4116 animoli
1206 4057 1443 4116 remonstrare

292 4152 325 4205 19
342 4149 557 4221 repugnantibus
577 4151 708 4221 epicureis
726 4150 797 4203 P¹V
875 4151 910 4204 20
928 4150 1034 4204 istoicis
1052 4148 1089 4204 M
1171 4151 1204 4205 21
1225 4148 1327 4219 itaut]
1345 4148 1374 4202 id
1393 4154 1444 4203 aut

289 4238 441 4303 MAPtm.
459 4239 566 4293 setrid.
588 4238 653 4294 eid
673 4239 775 4306 autern)
794 4238 823 4292 R
846 4238 876 4292 id
894 4243 937 4292 est
955 4255 998 4293 cc
1069 4237 1249 4309 perniciosum
1267 4237 1296 4295 B
1358 4238 1394 4292 23
1412 4238 1441 4290 in

290 4327 449 4397 moralibus]
469 4329 506 4382 im
525 4327 671 4382 ruorulibus
690 4329 717 4381 P
734 4328 934 4382 immortalibus
952 4327 990 4382 Μ
1042 4327 1077 4382 25
1096 4343 1230 4398 uunquam
1247 4342 1394 4397 ccorpore
1412 4327 1443 4383 R
