3309 4867
1213 327 1750 397 epistularum
1807 325 2074 382 LXXXII.
2668 334 2794 397 377

497 520 735 587 Paulus
802 522 1096 587 occurrit.
1163 510 1240 586 ad
1302 521 1517 605 ipsum
1573 520 1893 607 confugio,
1951 522 2031 587 ad
2084 523 2298 607 ipsum
2354 525 2431 589 ab
2480 523 2795 608 omnibus,

498 628 608 709 qui
687 627 861 694 aliud
944 628 1248 707 sentIunt,
1324 628 1683 693 litterarum
1758 628 1898 693 eius
1970 628 2426 695 tractatoribus
2498 649 2794 714 prouoco,

494 732 707 814 ipsum
769 735 1165 819 interrogans
1219 734 1553 816 interpello
1612 737 1680 798 et
1733 733 1985 816 requiro
2041 734 2107 799 in
2164 754 2261 813 eo,
2320 735 2489 819 quod
2536 736 2799 826 scripsit

497 838 574 902 ad
639 839 899 906 Galatas
971 839 1216 904 uidisse
1290 859 1359 905 se
1422 839 1684 904 Petrum
1759 856 1882 906 11011
1956 844 2129 906 recte
2192 840 2653 926 ingredientem
2716 842 2795 908 ad

496 945 830 1010 ueritatem
884 946 1202 1028 euangelii
1259 945 1442 1028 eique
1497 945 1559 1009 in
1613 945 1845 1010 faciem
1873 937 2216 1029 'propterea
2252 948 2589 1028 restitisse,
2627 950 2799 1031 quod

328 1075 354 1090 ,
457 1050 605 1116 ‚illa
694 1050 1105 1116 simulatione
1188 1053 1410 1136 gentes
1495 1050 1813 1118 iudaizare
1898 1052 2190 1136 cogebat,
2273 1057 2491 1123 utrum
2571 1066 2820 1122 uerum·

307 1572 396 1636 25

404 1503 456 1542 10

404 2033 455 2075 1⁵

397 2566 456 2608 20

496 1157 839 1242 scripserit,
896 1175 975 1221 an
1029 1157 1191 1223 forte
1238 1157 1451 1222 nescio
1502 1176 1626 1241 qua
1674 1157 2439 1242 dispensatiua'falsitate
2489 1161 2796 1227 mentitus

496 1262 601 1327 sit.
665 1265 731 1329 et
783 1263 973 1329 audio
1027 1264 1216 1349 paulo
1273 1266 1568 1347 superius
1623 1264 1688 1329 in
1748 1264 2037 1331 eiusdem
2101 1263 2477 1333 narrationis
2542 1267 2796 1332 exordio

493 1368 795 1454 religiosa
839 1389 998 1436 uoce
1043 1368 1205 1435 mihi
1241 1368 1653 1435 clamantem.
1704 1369 1908 1451 Quae
1958 1375 2207 1437 autem
2256 1373 2505 1438 scribo
2553 1373 2792 1452 uobis,

496 1494 665 1541 ecce
713 1494 959 1542 coram
1008 1475 1166 1554 deo,
1214 1474 1397 1559 quia
1442 1494 1581 1541 non
1629 1475 1980 1543 mentior.

581 1583 751 1648 Dent
811 1582 1066 1648 ueniam
1132 1582 1407 1665 quilibet
1470 1581 1645 1647 aliud
1712 1584 2074 1666 opinantes;
2152 1603 2270 1669 ego
2336 1586 2542 1671 magis
2608 1587 2793 1652 credo

491 1692 669 1754 tanto
717 1688 1009 1772 apostolo
1055 1689 1119 1754 in
1168 1687 1303 1753 suis
1353 1692 1418 1753 et
1461 1708 1573 1772 pro
1622 1689 1759 1755 suis
1796 1689 2032 1756 litteris
2068 1690 2302 1755 iuranti
2339 1710 2527 1774 quam
2565 1692 2794 1777 cuique

472 1782 864 1894 'doctissimo
930 1795 1009 1861 de
1067 1795 1289 1860 alienis
1344 1796 1581 1861 litteris
1639 1795 2016 1880 disputanti.
2081 1816 2198 1864 nec
2262 1797 2390 1863 dici
2449 1798 2643 1864 timeo
2702 1799 2795 1864 sic

490 1901 762 1968 Paulum
826 1901 1181 1981 defendere,
1247 1903 1418 1988 quod
1481 1922 1604 1968 11011
1670 1903 1993 1972 simularit
2055 1923 2325 1971 errorem
2390 1904 2792 1992 Iudaeorum,

491 2009 604 2074 sed
650 2029 800 2076 uere
843 2010 1041 2077 fuerit
1083 2010 1148 2074 in
1198 2029 1423 2089 errore,
1473 2010 1771 2092 quoniam
1830 2029 2037 2096 neque
2094 2001 2435 2077 simulabat
2498 2030 2792 2082 errorem,

490 2116 599 2200 qui
652 2116 946 2183 libertate
1004 2116 1376 2199 apostolica,
1436 2116 1607 2182 sicut
1651 2116 1748 2180 illi
1796 2117 2068 2200 tempori
2118 2118 2528 2202 congruebat,
2573 2123 2794 2184 uetera

488 2223 600 2287 illa
654 2224 1066 2299 sacramenta,
1123 2222 1235 2287 ubi
1293 2240 1456 2304 opus
1514 2224 1668 2298 erat,
1726 2221 1969 2308 agendo
2018 2222 2506 2288 commendabat
2550 2243 2624 2291 ea
2668 2242 2791 2290 non

491 2332 744 2395 satanae
809 2329 1095 2395 uersutia
1158 2327 1550 2411 decipiendis
1616 2329 1982 2394 hominibus
2048 2328 2167 2394 sed
2230 2329 2331 2395 dei
2395 2329 2793 2412 prouidentia

489 2435 1001 2519 praenuntiandis
1066 2436 1255 2500 rebus
1321 2435 1556 2501 futuris
1622 2435 1991 2520 prophetice
2047 2436 2417 2514 constituta,
2473 2455 2587 2502 nec
2642 2456 2791 2502 uere

489 2541 695 2607 fuerat
765 2545 831 2606 in
907 2560 1113 2607 errore
1177 2540 1581 2623 Iudaeorum,
1656 2540 1767 2625 qui
1842 2560 1967 2606 non
2032 2538 2251 2607 'solum
2325 2547 2606 2622 nouerat,
2680 2544 2793 2609 sed

490 2648 680 2713 etiam
716 2649 1026 2713 instanter
1072 2651 1137 2714 et
1180 2649 1410 2714 acriter
1453 2648 1861 2731 praedicabat
1907 2668 2015 2716 eos
2064 2667 2289 2728 errare,
2330 2650 2439 2733 qui
2483 2649 2793 2734 putabant

392 2813 401 2820 .
492 2754 787 2838 gentibus
868 2753 1224 2837 inponenda
1312 2755 1416 2820 uel
1499 2754 1942 2821 iustificationi
2028 2772 2427 2839 quorumque
2506 2757 2791 2822 fidelium

490 2861 863 2928 necessaria.

667 3110 860 3175 40³1.
897 3120 947 3184 22
991 3120 1080 3183 14;
1127 3120 1188 3174 11
1302 3122 1335 3174 9
1375 3118 1492 3175 Gal.
1537 3122 1583 3182 1,
1623 3121 1695 3175 20
1807 3120 1873 3174 13
1913 3120 1979 3174 cf.
2017 3138 2069 3190 p.
2112 3121 2234 3184 313,
2276 3121 2414 3174 1—2

564 3346 588 3399 1
632 3346 899 3415 confugio
925 3346 994 3400 ad
1031 3347 1211 3416 ipsum
1248 3364 1350 3403 om.
1391 3348 1445 3401 A
1645 3345 1737 3415 ad]
1779 3363 1811 3399 a
1849 3348 1890 3401 I
2052 3303 2267 3435 {quid
2306 3345 2454 3400 aliud
2492 3346 2618 3401 MR
2656 3348 2785 3418 quia

488 3432 627 3488 illud
660 3434 718 3488 A
861 3434 1103 3489 sentiant
1138 3433 1245 3488 HI
1345 3433 1379 3487 3
1417 3433 1609 3488 scribit
1645 3434 1710 3488 Η
1818 3436 1851 3488 6
1890 3433 2126 3503 cogebat
2160 3433 2236 3488 M
2272 3438 2363 3501 (αν
2402 3435 2565 3502 erae.)
2600 3436 2656 3488 A
2695 3453 2783 3490 co-

487 3521 720 3591 gebatur
755 3521 842 3576 P.
976 3539 1104 3577 uero
1143 3523 1180 3576 1
1321 3525 1352 3577 7
1393 3524 1486 3592 an]
1527 3527 1655 3577 ante
1693 3522 1749 3575 A
1881 3535 1883 3537 ’
1922 3520 2293 3592 dispensatius
2329 3522 2387 3575 P
2522 3523 2557 3577 8
2595 3523 2782 3594 audio]

377 3654 381 3658 .
488 3609 649 3664 audio
689 3627 808 3666 eum
849 3609 974 3665 edd.
1120 3609 1354 3673 exordio,
1391 3612 1456 3664 in
1490 3627 1662 3680 mara.
1702 3611 1864 3664 initio
1904 3610 1945 3664 I
2043 3609 2078 3664 9
2116 3610 2250 3664 mihi
2290 3627 2421 3665 uoce
2456 3610 2564 3664 HI
2673 3613 2784 3668 cla·

487 3702 669 3753 mante
709 3703 798 3764 (ιν
836 3716 905 3752 m.
927 3701 966 3753 2
1004 3698 1136 3753 add.
1176 3704 1278 3752 aut
1310 3698 1620 3768 inductam)
1647 3697 1726 3751 Ρι
1869 3697 2045 3754 scribo
2086 3697 2242 3753 uobis
2280 3715 2380 3754 om.
2410 3700 2468 3754 A
2576 3700 2642 3755 12
2673 3701 2783 3755 cui-

491 3803 651 3856 quam
689 3791 809 3842 edd.
844 3793 1125 3856 praetera
1238 3787 1302 3842 13
1341 3787 1654 3841 doctissime
1692 3787 1869 3841 PMA
1994 3787 2281 3856 deputanti
2316 3787 2385 3840 H
2505 3787 2639 3842 dicit
2666 3790 2784 3843 HA

557 3875 748 3944 timeo]
788 3876 958 3930 timeo
998 3893 1155 3930 mem
1336 3877 1437 3945 sic]
1478 3876 1524 3928 si
1564 3876 1600 3929 1
1745 3876 1809 3930 15
1858 3874 2143 3931 simulabit
2180 3875 2211 3927 1
2362 3877 2426 3931 16
2472 3875 2784 3931 liuertatem

486 3964 840 4033 apostolicam
870 3966 909 4018 Ι
1016 3966 1080 4018 19
1118 3964 1539 4035 pronuntiandis
1569 3964 1603 4017 I
1635 3964 1704 4018 ab
1744 3964 2125 4019 renuntiandis
2146 3965 2203 4019 R
2350 3965 2784 4020 conscenstituta

489 4057 602 4123 (pr.
641 4069 768 4107 cons
805 4055 970 4118 eras.)
1021 4052 1050 4098 ἴ
1186 4070 1319 4107 uera
1346 4053 1412 4106 H
1516 4052 1585 4107 20
1625 4054 1720 4123 qui
1755 4061 1813 4106 11·
1825 4059 1888 4106 11
1926 4053 2104 4108 solum
2139 4070 2241 4109 110
2246 4056 2363 4107 erat
2393 4054 2434 4118 (¹
2460 4059 2512 4106 et
2539 4077 2606 4099 κν
2636 4060 2686 4108 et
2715 4085 2781 4094 -—

484 4155 554 4196 m.
591 4147 657 4195 ut
690 4140 806 4194 nid.
847 4143 910 4205 23
937 4139 1062 4208 suit
1100 4142 1191 4210 qui
1228 4158 1338 4195 11011
1378 4141 1551 4196 solum
1588 4142 1839 4211 nouerat)
1876 4141 1953 4195 Ρι
2124 4143 2240 4212 qui]
2285 4143 2412 4211 quia
2445 4141 2552 4197 HI
2687 4160 2783 4197 no·

484 4226 641 4283 berat
676 4229 761 4282 H.
873 4229 940 4283 21
982 4233 1240 4299 putarent
1275 4229 1376 4283 HI
1519 4230 1589 4284 22
1627 4211 2023 4299 coramquffH
2058 4246 2512 4300 quorumcumque
2548 4230 2622 4284 1²¹
2661 4229 2781 4285 edd
