3309 4867
299 379 363 444 196
657 375 684 430 S.
713 376 828 430 durel
878 377 1095 447 Augustini

297 558 388 649 uitii,
407 571 544 647 luxuria,
569 570 703 636 enuntia
727 573 760 635 et
782 573 887 635 cetere
909 570 1005 637 huius
1028 571 1126 649 modi,
1150 570 1189 636 de
1214 571 1331 655 quibus
1353 569 1447 636 dicits

299 676 339 745 Si
371 676 469 745 euim
505 672 715 754 secundum
748 696 893 743 caruem
928 677 1117 756 uixeritis,
1150 678 1376 754 moriemini3
1414 677 1448 740 si

299 788 423 849 autem
454 782 595 866 spiritu
624 784 727 850 iacta
754 783 878 849 carnis
910 784 1257 860 mortificaueritis,
1288 782 1448 849 uinetis.

298 890 372 957 bine
395 891 491 957 etiam
514 890 553 956 de
575 891 647 977 ipso
671 889 762 956 dicit:
795 889 957 956 Mundus
980 890 1072 956 mibi
1096 890 1306 957 crucifixus
1330 893 1390 957 est
1411 892 1450 955 et

299 1016 368 1082 ego
397 996 545 1075 mundo,
575 996 697 1064 etalio
729 996 817 1062 loeo:
852 995 1038 1074 Soientos
1067 997 1184 1081 inquit,
1216 998 1307 1080 quia
1335 999 1448 1061 uetus
1482 1020 1500 1060 s

297 1105 406 1170 homo
434 1106 569 1169 noster
596 1103 711 1170 simul
739 1102 951 1168 crucifixus
978 1105 1037 1169 est
1064 1103 1169 1169 cruci
1196 1122 1279 1170 cum
1303 1104 1383 1180 illo,
1406 1107 1449 1167 nt

298 1214 510 1275 evacuetur
546 1227 683 1293 corpus
719 1208 881 1293 peceati,
918 1212 960 1273 ut
997 1197 1099 1274 ultra
1131 1228 1201 1275 non
1234 1210 1448 1275 seruiamus

296 1318 464 1401 peccato.
501 1334 596 1399 quam
634 1300 689 1380 diu
725 1333 800 1400 ergo
833 1313 867 1379 id
899 1319 999 1400 egurnt
1031 1333 1127 1400 opere
1158 1319 1276 1396 nosue,
1300 1318 1338 1382 ut
1367 1335 1450 1382 ens·

299 1426 433 1489 cuetur
451 1441 589 1507 corpus
606 1421 767 1507 peccati,
786 1440 883 1504 quam
902 1420 957 1486 diu
976 1421 1141 1488 exterior
1157 1422 1266 1488 bomo
1290 1442 1450 1490 corrum-

297 1528 413 1612 pitur,
447 1527 492 1594 ut
522 1528 686 1594 interior
714 1529 921 1594 renouetur
953 1529 995 1593 de
1029 1528 1089 1594 die
1120 1528 1163 1600 iu
1186 1529 1295 1607 diem,
1321 1533 1501 1613 tempnere

299 1639 350 1704 eet
372 1636 489 1702 crucis.
1286 1700 1288 1703 .

246 1738 287 1801 25
342 1742 431 1809 Haec
453 1745 531 1808 sunt
552 1742 650 1807 etiam
673 1741 756 1806 bona
773 1759 869 1825 opere
883 1739 1016 1824 quidem
1034 1741 1264 1807 tamen-ndhuc
1281 1741 1450 1825 laboriosa,

300 1868 433 1932 qnorum
448 1868 570 1916 memes
589 1847 716 1931 requies
735 1850 796 1913 est.
820 1847 876 1913 sed
894 1847 965 1912 ideo
986 1843 1118 1914 dicitur:
1139 1845 1210 1930 Spe
1230 1848 1449 1932 gaudentes,

300 1957 338 2019 ut
370 1954 549 2040 cogitantes
580 1954 733 2038 requiem.
755 1952 898 2019 luturam
931 1972 1004 2018 cum
1037 1953 1211 2019 hilaritate.
1227 1953 1259 2019 iu
1287 1955 1451 2020 laboribus

304 2079 478 2144 operemur.
502 2061 583 2126 benc
606 2059 802 2126 bilaritatem
825 2058 986 2152 significat
1008 2060 1112 2128 crucis
1134 2060 1272 2128 latitudo
1295 2060 1328 2126 iu
1350 2065 1452 2126 maus·
1470 2086 1502 2123 rs

302 2183 396 2232 uerso
432 2165 531 2251 ligno,
566 2166 622 2232 nbi
659 2165 802 2250 figuntur
836 2184 965 2242 manum
1002 2184 1058 2249 per
1093 2184 1208 2233 manus
1242 2168 1326 2233 enim
1359 2186 1453 2251 opera

304 2271 532 2356 intellegimus,
577 2290 634 2358 por
678 2270 883 2337 latitudinem
928 2270 1123 2342 bilaritatem
1168 2273 1339 2356 operantis,
1380 2272 1455 2356 qnia

305 2375 440 2444 tristitia
474 2377 552 2443 lacit
588 2376 767 2462 angustiam
804 2395 863 2459 per
892 2377 1094 2445 altitudinem
1125 2381 1243 2458 autem,
1276 2380 1329 2444 eui
1358 2367 1455 2463 capnt

306 2481 500 2566 adiungitur,
524 2483 774 2567 expectationem
797 2482 1015 2550 retributionis
1039 2482 1078 2549 de
1100 2484 1232 2549 sublimi
1249 2485 1375 2550 iustitia
1393 2484 1454 2562 dei,

397 2725 509 2780 illem.
529 2723 554 2779 8.
574 2725 607 2779 13
679 2723 820 2784 eudo,
841 2726 874 2779 14
946 2726 1139 2792 suemus
1208 2726 1455 2783 encomio

310 2815 343 2871 13
362 2814 439 2869 Rom.
460 2815 502 2878 12,
524 2815 557 2868 12

347 2937 359 2991 1
380 2937 552 2993 huiusmodi
572 2953 641 3008 quae
661 2938 840 2992 subsecuntur
858 2937 890 2991 de
909 2937 937 2992 B
1032 2937 1066 2993 de
1084 2954 1136 2994 om.
1154 2936 1270 2994 P¹P²M
1357 2939 1457 2995 dicitur

308 3026 425 3082 P¹P²M
439 3026 512 3081 idem
530 3026 599 3081 dieis
611 3026 645 3080 K
657 3025 717 3080 edd.
754 3027 771 3079 2
791 3026 862 3080 enim
881 3042 933 3080 ons.
953 3026 1012 3081 edd.
1068 3026 1216 3082 meandum
1235 3045 1342 3083 caruem
1355 3045 1407 3084 om.
1421 3027 1459 3082 Μ

310 3117 326 3171 3
345 3115 515 3171 mortificatis
535 3116 596 3180 (uec.
620 3113 721 3185 Vale),
739 3130 809 3169 corr.
827 3131 862 3169 m.
882 3121 914 3167 at
931 3115 990 3170 uid.
1010 3119 1026 3169 1
1042 3117 1271 3172 mortificaperitis
1289 3116 1318 3170 Ρ
1386 3115 1457 3172 ⁴lde

310 3207 380 3276 ipso,
398 3220 467 3258 corr.
487 3202 592 3270 (ordi)
613 3201 647 3257 de
666 3217 695 3256 se
714 3203 773 3273 ipso
792 3203 820 3256 B
839 3202 872 3257 de
891 3205 959 3274 ipso.
979 3220 1048 3258 corr.
1063 3209 1125 3260 nel
1149 3204 1183 3260 de
1201 3221 1230 3259 se
1248 3204 1309 3275 ipso
1327 3203 1405 3258 P¹P²
1423 3202 1457 3258 de

311 3309 340 3346 se
360 3293 419 3362 ipso
438 3291 505 3346 MK
521 3291 582 3348 adri.
601 3291 728 3361 Eepppe
745 3290 804 3347 cod.
829 3291 941 3345 Vercell.
1049 3294 1118 3347 mibi
1136 3293 1251 3347 mundus
1264 3293 1292 3348 P
1307 3309 1358 3348 aec.
1377 3292 1457 3362 Valg.

312 3381 483 3435 omnum
506 3385 549 3436 est
571 3379 643 3435 cruci
667 3380 696 3434 P
717 3379 835 3435 confixus
860 3386 902 3434 est
925 3381 997 3435 cruci
1019 3380 1053 3439 K
1074 3381 1135 3435 edd.
1159 3389 1308 3450 preater-or
1334 3382 1460 3452 Eugippus*

312 3467 370 3547 eod.
395 3467 505 3522 Vercell.
524 3468 667 3523 crucifixus
683 3471 727 3522 est
743 3485 771 3521 or
787 3483 838 3522 sec.
864 3467 957 3538 Vulp.;
976 3470 1011 3536 cs.
1026 3485 1056 3538 p.
1076 3472 1141 3532 172,
1163 3473 1181 3522 6
1247 3471 1263 3523 7
1282 3477 1460 3524 succurretur

311 3552 390 3609 ΡΨ
406 3555 530 3624 Eupippi
548 3556 606 3611 cod.
631 3555 694 3611 Vct.
766 3556 836 3610 8nt
853 3561 999 3611 enacuetur
1016 3574 1070 3612 om.
1087 3556 1121 3611 K
1197 3558 1231 3612 12
1250 3558 1331 3613 etiam
1351 3563 1415 3612 eunt
1432 3556 1461 3612 B

312 3647 377 3699 snut
394 3645 456 3714 (om.
477 3645 570 3711 etiam)
590 3645 627 3699 M
691 3650 759 3714 poet
775 3660 859 3713 opera
875 3661 897 3699 a.
915 3662 943 3700 ιι.
962 3648 1027 3699 nst
1046 3662 1120 3720 quse
1134 3645 1162 3700 P
1252 3647 1285 3700 13
1303 3663 1414 3716 quarum
1434 3646 1464 3701 P

350 3737 393 3787 est
410 3732 516 3802 requies
535 3732 568 3787 K
584 3733 645 3789 edd.
663 3733 788 3802 Eugippe'
805 3731 884 3786 codd.
899 3739 1012 3801 praem
1028 3733 1123 3788 Pcra's.
1143 3736 1221 3788 2109
1283 3735 1317 3789 14
1336 3739 1368 3788 nt
1384 3736 1459 3804 eogi-

313 3825 405 3875 tantee
423 3836 475 3875 om.
493 3822 521 3875 B
617 3822 737 3876 futurum
755 3822 877 3890 requiem
895 3820 974 3875 P¹P²
1070 3824 1097 3877 iu
1116 3823 1256 3879 laboribus
1275 3839 1415 3894 operemus
1433 3824 1462 3877 P

314 3910 341 3963 in
361 3910 440 3963 bonis
460 3907 583 3980 operibus
601 3909 755 3964 laboremus
774 3909 811 3964 M
865 3911 898 3965 lo
916 3910 1047 3980 figuretur
1064 3912 1104 3966 M
1157 3913 1193 3967 18
1208 3914 1286 3967 tritis
1305 3917 1377 3977 (acl
1390 3927 1459 3966 corr.

314 3998 440 4067 tristitia)
459 3997 541 4052 faciet
558 3998 586 4052 P
681 3998 866 4064 latitudinem,
884 4004 944 4055 oui
962 4016 1030 4058 corr.
1050 4000 1224 4058 altitudinem
1242 4002 1270 4056 P
1370 4003 1461 4056 antem

315 4102 366 4142 om.
386 4086 413 4140 P
431 4103 494 4140 nero
513 4086 573 4140 edd.
631 4088 663 4142 19
682 4088 833 4158 expectatio
846 4087 1018 4144 BP¹P²MK
1036 4092 1168 4160 expectio,
1186 4096 1251 4145 su2
1269 4091 1421 4161 expectatio
1434 4088 1463 4142 P

316 4174 544 4245 exspectationem
557 4174 633 4242 edd.;
649 4175 770 4242 sortasse
787 4175 957 4245 significatur
975 4179 1127 4247 expectatio
1200 4178 1388 4233 retributionis
1406 4176 1460 4230 tol·

315 4261 454 4319 lerandam
473 4263 506 4318 de
526 4251 716 4327 (tollerandum
734 4267 806 4330 exp.)
826 4263 853 4315 B
921 4261 954 4317 de
974 4263 1033 4328 (sed
1049 4270 1133 4332 erce.)
1153 4264 1276 4318 sublimis
1294 4263 1417 4319 institiae
1435 4263 1464 4316 P
