3309 4867
342 305 407 370 594
704 301 730 357 S.
757 300 896 356 Auredi
923 263 1140 372 Augustini

342 496 429 561 unae
465 534 507 544 -
545 495 585 561 da
612 481 739 561 ueniam
766 513 901 561 —nen
929 494 1036 561 selum
1067 512 1126 560 nes
1157 493 1288 560 minime
1320 496 1494 579 praecedis,

344 601 402 669 sed
433 621 492 669 nen
531 601 635 668 adhue
676 602 831 686 sequeris,
869 605 903 667 et
940 600 1080 667 rescribe
1116 600 1235 688 potins,
1272 601 1350 685 qaid
1380 606 1414 666 te
1455 603 1494 667 de

343 710 403 774 hae
439 709 494 774 nia
528 713 669 784 moneat
705 726 801 793 quam
837 712 985 775 tenemus
1018 711 1052 773 et
1087 707 1118 773 in
1150 727 1214 791 qua
1248 709 1416 775 nobiseum
1454 708 1494 773 ad

344 835 510 899 supernam
534 815 681 899 patriam,
704 834 767 899 qua
789 818 822 881 te
844 814 997 880 delectari
1019 815 1168 880 nouimus
1192 818 1224 881 et
1240 815 1434 900 gaudemus,
1458 819 1495 880 nt

344 921 509 1009 gradiaris,
533 923 703 988 instamus.
914 927 916 934 ’
1522 945 1535 981 s

294 1025 333 1090 17
391 1029 487 1097 Ciues
524 1032 631 1094 autem
664 1028 799 1097 carnalis
831 1029 955 1112 patriae
991 1032 1066 1094 tuae
1098 1027 1160 1094 etsi
1196 1047 1258 1095 nen
1291 1047 1402 1094 amnes
1437 1027 1495 1095 sed

345 1135 500 1220 quosdam
540 1135 724 1201 innocentes
765 1135 896 1220 quidem
937 1135 1055 1215 dixisti,
1097 1154 1209 1201 aarum
1249 1138 1369 1233 tamen,
1410 1134 1494 1219 qnod

344 1244 464 1309 relneta
498 1243 554 1309 illa
590 1241 731 1326 epistula
766 1262 838 1308 mea
869 1241 967 1309 debes
1004 1241 1181 1321 aduertere,
1218 1261 1281 1308 nnn
1314 1241 1493 1308 defendisti.

346 1367 479 1431 quorum
515 1367 576 1415 nnn
611 1349 705 1415 dores
742 1349 798 1416 sed
835 1349 944 1434 spinas
981 1368 1039 1415 nos
1077 1348 1217 1415 sensisse
1250 1367 1324 1419 eum
1357 1347 1492 1415 diaetam

345 1457 537 1541 respondens
574 1455 614 1522 ad
650 1456 743 1533 illud,
778 1456 869 1540 quod
905 1456 1078 1540 scripseras
1114 1455 1277 1521 florentem
1315 1458 1348 1520 te
1379 1469 1493 1539 supere
1510 1476 1534 1514 ιο

346 1562 480 1645 patriam
506 1562 696 1647 relinquere,
726 1562 825 1630 ieeari
851 1582 903 1628 nra
935 1563 1068 1647 putasti.
1101 1562 1162 1628 hue
1189 1561 1314 1628 scilieet
1339 1561 1374 1627 ia
1401 1560 1493 1627 matis

346 1670 447 1735 tantis
473 1669 586 1735 libeat!
615 1668 662 1733 ita
685 1672 735 1735 est
761 1671 907 1753 prorsus!
936 1669 1062 1735 tament
1084 1668 1188 1734 adhue
1214 1668 1323 1735 ruinae
1349 1667 1493 1734 ineersae

347 1775 501 1842 ecelesiae
524 1779 557 1840 et
577 1775 610 1840 in
635 1793 672 1841 ea
694 1793 791 1842 eausa
813 1793 872 1842 nes
894 1775 1051 1841 iocamur!
1079 1778 1113 1840 et
1135 1793 1196 1859 ego
1220 1775 1359 1859 quidem,
1388 1795 1493 1859 qaam·

345 1884 399 1948 uis
421 1883 604 1949 innoeentes
628 1881 696 1948 illie
718 1881 798 1948 mihi
820 1901 883 1949 nnn
906 1884 1118 1960 recurrerent,
1141 1882 1204 1947 nisi
1228 1881 1281 1965 qui
1305 1886 1362 1947 ant
1385 1882 1494 1948 absen-

347 1998 397 2054 tes
425 1989 553 2054 inerunt
575 1991 632 2052 aut
654 1987 739 2052 maia
766 1987 823 2053 illa
849 1989 994 2073 perpessi
1022 1992 1098 2054 sunt
1124 1989 1183 2053 aut
1203 1987 1301 2053 nullis
1324 1987 1364 2053 ad
1391 1987 1493 2070 probi·
1510 2007 1534 2048 u

347 2094 485 2160 bendum
514 2093 637 2160 uiribus
665 2094 718 2160 nel
745 2094 937 2161 austeritate
961 2095 1141 2173 aduerunt,
1169 2097 1275 2159 tamen
1299 2095 1494 2159 nneentinres

222 2281 225 2290 Ι
349 2200 501 2267 eminus
529 2198 718 2266 necantibus
746 2201 777 2266 in
805 2199 1008 2267 rescribendo
1032 2199 1162 2267 distinxi
1184 2200 1343 2283 aliamque
1366 2219 1494 2266 eausam

349 2307 443 2391 posui
466 2326 586 2385 eorum,
610 2306 668 2390 qui
688 2306 866 2372 timuerunt
884 2306 1041 2384 offendere
1062 2310 1211 2392 potentes
1232 2306 1379 2373 inimicos
1398 2307 1495 2373 seele-

349 2414 426 2493 siae,
450 2414 544 2479 adam
565 2431 685 2490 eorum,
710 2414 765 2496 qui
788 2414 855 2479 hoe
868 2414 1027 2480 committi
1050 2414 1232 2492 uoluerunt,
1256 2413 1351 2477 aliam
1375 2431 1494 2491 aarum,

350 2521 405 2604 qni
429 2520 667 2599 commiserunt,
695 2520 790 2586 aliam
818 2540 939 2601 eurum,
968 2522 1022 2605 qni
1048 2520 1247 2599 inmiserunt,
1274 2519 1354 2585 nibil
1382 2519 1435 2606 agi
1457 2520 1496 2586 de
1511 2542 1537 2582 rs

349 2626 573 2692 inminentibus
606 2626 729 2703 ualens,
763 2626 837 2711 qnia
860 2627 921 2693 hec
944 2627 1011 2694 sine
1038 2626 1206 2694 tormentis
1233 2626 1451 2710 eurpnralibus
1478 2646 1497 2692 a

350 2732 513 2817 preposite
540 2741 649 2798 nostre
678 2722 922 2812 abhorrentibus
954 2733 1090 2799 fortasse
1123 2750 1185 2798 non
1211 2735 1321 2816 petest
1351 2733 1497 2798 inueniri.

352 2839 454 2906 Stoici
494 2844 602 2905 autem
647 2838 711 2926 tui
739 2859 846 2905 omnes
883 2839 1058 2922 aequaliter
1094 2839 1242 2904 recentes
1278 2855 1351 2904 asse
1387 2857 1497 2908 ennae

354 2945 442 3023 dunt,
475 2943 598 3029 quibus
623 2943 730 3027 placet
761 2945 867 3010 emnia
902 2945 992 3030 paria
1023 2963 1094 3010 esse
1130 2949 1275 3028 psenata;
1309 2944 1364 3027 qai
1401 2944 1497 3010 etiam

353 3049 503 3116 duritiam
527 3069 711 3133 suamque
732 3050 1200 3134 misericordiamuituperant,
1224 3050 1299 3118 huia
1322 3051 1537 3134 sententiae·s

353 3157 510 3225 sneiantes
525 3155 612 3222 nullo
628 3157 722 3222 mode
741 3160 870 3224 censent
889 3157 1037 3224 omnibus
1055 3157 1172 3240 pariter
1189 3156 1427 3240 ignesnendam
1442 3154 1497 3223 sed

354 3283 462 3329 omnes
480 3263 598 3347 pariter
616 3282 687 3329 esse
705 3263 889 3346 puniendas.
907 3275 1037 3329 remoue
1060 3283 1135 3348 ergo
1157 3263 1244 3341 illos,
1267 3282 1363 3346 qaam
1381 3263 1497 3347 iungis·

354 3371 435 3435 sime
467 3369 612 3454 patena
643 3369 818 3452 patrocinio
852 3388 967 3435 causae
1004 3369 1099 3434 istius
1138 3372 1171 3434 et
1201 3372 1277 3453 epta
1311 3368 1431 3453 petius,
1461 3372 1497 3433 at

354 3480 516 3560 tamquam
537 3474 708 3541 Christiani
727 3492 871 3560 agamus,
891 3478 938 3553 ut,
957 3475 1043 3541 sieut
1065 3479 1223 3559 optamus,
1241 3493 1299 3539 nos
1320 3474 1354 3541 in
1374 3473 1496 3541 Christe

355 3600 421 3660 ees,
445 3580 560 3664 quibus
584 3581 753 3665 parcimus,
778 3581 993 3664 adquiramus,
1017 3600 1056 3646 ne
1079 3579 1255 3665 perniciosa
1276 3580 1341 3645 illis
1365 3580 1497 3646 ‹lisseiu-
1513 3608 1538 3648 se

445 3806 462 3859 s
482 3804 515 3860 cs.
528 3823 555 3876 p.
570 3805 632 3868 aas,
654 3806 757 3859 ra-rr
847 3805 880 3862 ιο
899 3804 933 3859 cr.
952 3821 979 3875 p.
998 3805 1164 3868 aeae-10
1252 3805 1282 3859 ιι
1304 3804 1339 3860 er.
1358 3821 1385 3875 p.
1399 3805 1497 3869 saue

359 3896 464 3950 ra-aa
482 3894 516 3948 n.
535 3912 561 3965 p.
580 3894 642 3956 aas,
662 3894 795 3960 ιιι-ιιι,
816 3896 829 3947 ι

396 4017 587 4073 rernm.
611 4016 688 4071 nae
711 3989 1196 4086 vrsr;cf.p.5ss‚1r,·5e9.r
1261 4016 1496 4087 saerntapou.

359 4108 424 4162 eia
441 4111 509 4175 ras.)
533 4105 560 4159 U
576 4106 672 4160 relicta
694 4105 762 4160 Vlr
831 4107 862 4160 11
883 4106 996 4161 silicet
1014 4105 1041 4159 U
1112 4107 1144 4160 14
1163 4107 1311 4173 aecumst,
1329 4108 1395 4184 aar?
1411 4119 1496 4160 aesur-

357 4199 448 4251 rerent
466 4194 492 4248 V
542 4195 577 4250 20
596 4194 677 4248 aliam
696 4211 786 4248 eorum
807 4195 853 4264 qui
872 4195 1043 4250 immiserunt
1061 4212 1111 4249 em.
1135 4193 1257 4250 Uruncis
1273 4194 1499 4250 indueramus
