3309 4867
243 402 245 406 ’
326 410 392 475 698
450 483 452 488 y
686 410 713 466 S.
740 410 878 466 Aureli
906 412 1125 483 Augustini

326 622 446 687 queror.
474 624 545 672 uam
574 605 613 671 de
638 606 751 671 ceteris
779 625 909 689 possem
932 606 1027 672 etiam
1052 607 1198 673 decenter
1222 606 1420 693 interrogari,
1448 608 1476 672 si

324 710 405 776 milri
429 711 597 794 quisquam
623 731 675 778 res
703 712 791 795 ipsas
818 731 880 778 nou
905 712 943 777 de
971 712 1061 777 libris
1086 712 1246 778 Ciceronis
1274 714 1331 778 sed
1359 732 1416 795 per
1442 731 1476 777 se

325 817 412 901 ipsas
440 818 620 889 mactamus
644 817 931 901 dissoluendasque
953 818 1122 901 proferrem
1150 819 1271 886 inillis
1295 821 1404 885 autem
1423 836 1475 884 res

324 923 414 1007 ipsae
436 941 521 988 nuuc
549 926 675 989 noemae
701 924 893 1007 professioni
921 923 1025 991 minus
1049 929 1239 1009 congruunt
1267 925 1346 990 lraec
1369 928 1474 991 autern

325 1028 431 1094 omnia
453 1048 513 1095 nou
537 1029 685 1108 lacerem,
713 1028 850 1095 nisime
877 1032 952 1115 post
974 1029 1215 1115 aegritudinem,
1239 1030 1476 1113 laqueorum,
1505 1053 1521 1094 a

325 1154 401 1200 curn
422 1134 516 1201 homo
539 1139 616 1202 tuus
640 1136 793 1214 uenisset,
818 1135 1015 1219 aliquantum
1040 1136 1079 1200 ab
1097 1135 1247 1221 Hippone
1268 1153 1475 1210 remouerem.

325 1240 442 1324 quibus
464 1240 544 1306 item
562 1241 674 1306 diebus
698 1241 935 1326 perturbatione
953 1240 1143 1307 ualitudinis
1164 1241 1370 1324 febribusque
1391 1260 1476 1326 repe-

324 1346 405 1413 titus
424 1365 506 1412 sunu
525 1347 736 1413 indefectam
756 1350 817 1425 est,
836 1351 875 1413 ut
891 1347 1024 1426 tardius,
1045 1367 1140 1431 quam
1158 1350 1300 1430 possent,
1320 1348 1381 1414 tibi
1399 1347 1477 1414 haec

325 1452 535 1519 mitterentur.
558 1472 640 1537 quae
664 1473 726 1537 quo
750 1454 845 1520 modo
870 1455 1040 1538 acceperis,
1064 1454 1217 1537 rescripte
1239 1452 1361 1538 flagito.

844 1663 955 1732 cxlx.
1495 1693 1523 1733 ro

409 1801 555 1859 Domo
575 1803 717 1860 SANC'IO
736 1802 1020 1949 Accggfflssmo
1039 1802 1160 1859 PAPAE
1178 1800 1390 1860 AUGUSTINO

858 1892 1021 1949 seniles.

282 2013 300 2088 l
364 2017 437 2084 lam
466 2018 593 2102 quidem
626 2023 735 2085 saneto
764 2017 907 2103 mihique
933 2019 1058 2084 cunctis
1091 2018 1188 2084 animi
1219 2017 1397 2084 uirtutibus
1425 2015 1477 2081 ad·

290 2116 295 2127 ⁸
325 2123 466 2190 mirando
502 2123 592 2190 tratri
623 2128 679 2190 tuo
711 2125 828 2209 Alypio
861 2125 1009 2210 episcopo
1048 2143 1148 2209 genus
1185 2121 1351 2209 petitionis
1388 2141 1477 2199 meae

325 2230 415 2296 breui
438 2249 582 2295 sermone
606 2249 831 2316 suggesseram
856 2249 996 2314 sperans,
1021 2249 1152 2315 precum
1171 2249 1314 2295 mearum
1331 2232 1371 2294 ιιι
1393 2228 1478 2313 apud
1495 2249 1522 2289 rr

326 2340 358 2400 te
382 2354 454 2401 esse
481 2335 606 2402 adiutor
633 2337 825 2420 dignaretur.
856 2336 912 2402 sed
940 2336 1016 2419 quia
1042 2335 1255 2419 praesentiam
1282 2334 1362 2399 ruihi
1388 2337 1476 2398 tuam

326 2459 373 2518 ea,
392 2460 472 2526 quae
491 2440 530 2506 ad
548 2442 660 2507 uillam
682 2442 728 2507 ire
747 2443 914 2527 compulit,
935 2460 1032 2508 causa
1049 2441 1221 2521 fraudarit,
1244 2431 1342 2518 malm
1360 2440 1477 2505 litteris

325 2565 452 2630 precem
474 2547 612 2613 inserere
636 2567 731 2631 quarn
756 2547 1006 2633 expectationem
1030 2547 1128 2613 animi
1150 2548 1315 2622 fluctuare,
1343 2544 1477 2611 maxime

326 2672 398 2718 cum
425 2653 470 2733 id,
499 2653 583 2737 quod
613 2656 753 2736 postulo,
782 2654 810 2720 si
839 2654 918 2719 mihi
941 2653 1070 2720 concedi
1099 2656 1243 2737 oportere
1264 2651 1479 2738 perspexeris.

326 2757 476 2824 adiuuare
503 2778 633 2825 sensum
656 2764 749 2825 tuum
773 2759 932 2826 altissima
954 2759 1111 2844 mysteria
1136 2760 1388 2843 perscrutantem
1414 2756 1479 2822 loci
1497 2779 1526 2821 ro

325 2863 438 2948 ipsius,
470 2868 509 2930 ut
539 2865 684 2943 arbitror,
717 2865 749 2930 io
784 2884 847 2949 qno
879 2884 962 2930 nunc
991 2863 1153 2946 consistis,
1185 2865 1293 2930 adeat
1324 2860 1477 2929 solitudo.

361 3124 496 3194 lpossim
516 3124 598 3180 etiam
617 3126 644 3177 A
663 3125 745 3179 etiarn
763 3141 872 3196 possem
890 3125 918 3182 It
1006 3124 1103 3194 lipsa
1120 3122 1183 3179 ΜΔ
1260 3122 1429 3195 professione
1452 3121 1481 3175 V

360 3212 610 3269 autumemPW
679 3209 1062 3276 ieonum..m.1udd.P
1149 3213 1478 3283 liquaminum

324 3302 465 3371 inquorum
484 3302 512 3355 P
528 3300 712 3370 ioquiramM
752 3302 780 3355 ·6
798 3299 987 3356 moueremll
1002 3300 1263 3357 remouissemlrsa
1322 3297 1478 3356 liehrlbas

325 3406 407 3460 quere
425 3392 531 3460 petitus
549 3391 616 3460 (pro
635 3406 687 3459 que
706 3406 762 3444 roe.
779 3395 820 3460 q.)
840 3389 878 3444 II
919 3389 936 3443 8
956 3390 999 3459 ut]
1019 3387 1092 3458 quod
1109 3388 1138 3444 R
1187 3390 1204 3443 9
1222 3388 1342 3460 Explicit
1359 3385 1479 3458 epistula

231 3541 233 3548 p
324 3480 413 3538 sancti
436 3479 555 3548 agustini
579 3477 614 3532 ad
638 3478 790 3532 dioscorum·
819 3478 852 3533 n
873 3476 983 3549 explicit
1007 3477 1125 3547 epistula
1147 3477 1236 3532 sancti
1258 3475 1399 3548 auguau'ni
1416 3475 1478 3546 epi·

324 3567 399 3637 scopi
415 3565 452 3621 ad
471 3566 622 3621 dioscorum
642 3566 668 3620 P

537 3718 565 3771 B
593 3743 626 3763 =
646 3717 703 3772 cod.
726 3714 1188 3779 erpeiamcurtem.

541 3804 564 3860 0
592 3829 625 3851 =
645 3805 704 3859 cod.
723 3803 1033 3872 eodemus-opomerum
1050 3806 1108 3857 m
1124 3817 1147 3858 s.
1166 3801 1260 3858 XIII.

537 3894 565 3947 P
591 3918 624 3939 =
644 3893 703 3949 cod.
722 3892 874 3947 Parisinus
891 3893 969 3946 1029
985 3908 1008 3946 a.
1027 3890 1120 3947 XIII.

541 3983 567 4037 Τ
592 4008 626 4030 =
646 3983 704 4036 cori.
727 3982 869 4037 Ireceaae'e
889 3984 929 4035 40
945 3997 968 4037 a.
986 3978 1080 4035 XIII.

294 4113 297 4119 ’
361 4133 394 4186 ιι
413 4132 539 4204 episcopo
558 4148 608 4188 om.
628 4130 681 4186 or
696 4132 756 4185 eoo.
772 4136 923 4201 praeeo
960 4130 993 4185 15
1013 4133 1045 4184 ut
1062 4145 1115 4184 oa.
1131 4128 1159 4183 e
1195 4131 1228 4185 rc
1247 4128 1357 4183 eorum
1374 4142 1433 4182 me
1447 4127 1479 4182 Ρ

358 4225 408 4274 tna
425 4221 502 4290 (Μ
517 4223 576 4284 tul)
596 4235 711 4289 meaque
730 4218 764 4273 ad
783 4219 811 4272 B
849 4218 883 4273 18
899 4222 963 4287 port
981 4232 1062 4288 quam
1076 4220 1143 4272 ace
1157 4216 1223 4272 add.
1237 4234 1255 4287 p
1269 4216 1297 4271 B
1331 4216 1369 4273 20
1382 4221 1477 4287 pm·

323 4313 428 4363 tantem
447 4326 507 4363 cam
525 4324 581 4362 roa.
602 4311 673 4361 1-2
692 4308 744 4362 litt.
760 4312 826 4376 poet
845 4315 862 4378 p
880 4305 979 4377 (aspra
997 4314 1014 4377 p
1033 4309 1099 4361 aad
1115 4305 1130 4360 l
1147 4312 1177 4377 p)
1200 4305 1225 4359 B
