3309 4867
594 328 859 421 epistularum
888 350 968 408 ΟΧΧ.
1109 324 1118 332 .
1295 356 1357 422 711

208 550 296 614 intus
320 547 375 614 illo
394 546 565 613 adiuuante
589 550 684 630 atquo
708 547 928 626 inluminante,
953 547 1008 630 qui
1027 565 1100 614 oum
1123 549 1243 615 talibus
1266 548 1361 615 idolis

208 654 241 719 iu
266 654 359 720 eorde
383 657 492 719 nostro
516 653 662 718 vheiritnre
686 672 746 718 non
770 654 853 729 uult,
881 653 928 720 ite
953 654 1018 721 iste
1041 654 1237 741 confringere
1266 658 1361 738 etque

209 781 228 825 a
256 759 318 826 tide
345 764 454 826 nostra
477 759 615 842 quodem
642 759 737 825 modo
761 766 908 834 excutere
936 760 1137 840 festinamus,
1165 764 1203 827 ut
1225 781 1263 828 ue
1290 764 1360 845 pul·

208 887 317 933 nerem
349 866 478 950 quidem
515 866 617 931 ullum
650 866 765 931 talium
801 866 1063 949 phantesmatum
1099 868 1170 934 illie
1199 886 1360 935 remouere

207 974 377 1057 patiemur.

140 1085 160 1142 e·
254 1079 357 1161 Quem
385 1079 426 1144 ob
454 1098 522 1145 rem
550 1078 611 1144 nisi
638 1080 795 1146 rationem
823 1080 1060 1162 disputationis,
1089 1098 1152 1163 qus
1183 1079 1360 1146 forinsecus

208 1185 363 1252 admoniti
384 1184 448 1268 ipsi
470 1185 662 1282 intrinseous
686 1186 821 1252 ueritate
843 1186 972 1253 lunoute
991 1188 1072 1256 haee
1095 1187 1178 1253 iulos
1200 1204 1270 1251 esse
1292 1206 1360 1270 per-

208 1293 373 1377 spicimus,
388 1291 467 1358 fides
486 1292 518 1357 in
537 1295 645 1358 nostro
665 1288 760 1359 eorde
782 1292 1019 1372 antecessisset,
1038 1291 1196 1377 quaeror
1215 1292 1368 1359 indueret·

208 1401 339 1484 pietate,
367 1417 469 1464 uonue
496 1398 669 1476 ineassum,
694 1418 775 1482 quoe
797 1418 874 1465 uere
902 1402 997 1476 suut·
1016 1400 1222 1466 audiremus?
1246 1417 1282 1464 eo
1304 1417 1366 1481 per

163 1508 279 1582 1110(Ἶ
308 1505 458 1589 quoniam
491 1504 535 1583 id,
568 1505 653 1588 quod
680 1505 720 1570 ed
749 1525 819 1571 eam
851 1507 1039 1589 pertinebat,
1070 1505 1150 1572 fides
1178 1506 1256 1591 egit,
1287 1505 1359 1570 ideo

209 1596 407 1697 subsequens
426 1611 506 1676 ratio
526 1610 646 1694 aliquid
661 1630 781 1690 eorum,
801 1630 882 1695 quee
900 1612 1091 1695 inquirebat.
1109 1612 1241 1678 inuenit.
1261 1611 1360 1678 falsae

208 1718 318 1803 itaque
344 1718 460 1783 rationi
488 1737 550 1783 uon
578 1717 682 1783 solum
706 1718 787 1783 retio
810 1737 896 1800 uere,
920 1727 984 1801 quo
1005 1718 1048 1796 id,
1077 1720 1164 1803 quod
1191 1718 1360 1793 oredimus,

207 1824 439 1916 intellegimus,
467 1843 580 1890 uerum
603 1824 700 1889 stiam
728 1823 906 1908 fides=ipss
927 1843 1034 1891 rerum
1056 1824 1195 1891 nondum
1219 1825 1361 1890 intellec·

208 1937 313 1997 tarum
343 1931 410 1997 eine
439 1930 536 1997 dubio
563 1930 767 2014 praeferenda
794 1935 854 1997 est.
882 1923 998 1998 melius
1027 1934 1077 1998 est
1104 1931 1189 1997 euim
1213 1929 1370 2015 quemuis

166 2037 349 2103 tenendum
388 2037 495 2102 uisum
529 2035 666 2128 eredere,
699 2035 783 2118 quod
815 2044 928 2102 uerum
961 2041 1022 2114 est,
1055 2053 1151 2121 quum
1183 2038 1294 2121 putare
1326 2039 1358 2099 te

207 2162 321 2210 uerum
348 2143 467 2221 uidere,
497 2141 581 2226 quod
612 2141 731 2207 fulsum
759 2147 820 2209 est.
852 2140 950 2209 huben
976 2162 1113 2227 nemque
1140 2142 1220 2209 fides
1248 2142 1358 2208 oeulos

209 2270 297 2328 suos,
321 2250 438 2334 quibus
462 2250 598 2333 quodem
626 2249 720 2315 modo
749 2250 840 2317 uidet
865 2269 979 2317 uerum
1002 2269 1084 2330 esse,
1107 2250 1193 2334 quod
1220 2248 1359 2315 nondum

99 2402 101 2406 v
208 2357 307 2450 uidet,
340 2360 373 2422 et
404 2356 521 2441 quibus
550 2356 727 2423 certissime
759 2357 850 2423 uidet
881 2357 1021 2424 noudum
1053 2376 1089 2423 se
1121 2356 1240 2434 uidene,
1266 2353 1359 2438 ,quod

209 2461 321 2528 eredit.
343 2480 435 2545 porro
460 2465 567 2527 sutem
586 2463 640 2545 qui
663 2481 741 2528 uere
763 2461 885 2548 ratione
907 2461 982 2540 iem,
1008 2462 1092 2546 quod
1115 2463 1241 2527 tentum
1264 2458 1358 2524 modo
1432 2503 1439 2521 .

162 2586 189 2627 zo
207 2569 366 2647 credebat,
397 2568 568 2653 intellegit,
599 2568 741 2654 proiecto
773 2568 1014 2653 praeponendus
1042 2569 1159 2647 estet,
1187 2566 1243 2650 qui
1270 2564 1362 2649 eupit
1454 2613 1458 2621 .

207 2673 312 2739 edhrno
333 2673 529 2759 intellegere,
548 2660 633 2760 quod
652 2674 765 2753 oredit3
789 2677 828 2746 si,
842 2677 949 2740 autem
972 2666 1031 2739 nee
1053 2673 1143 2757 oupit
1161 2675 1194 2737 et
1213 2690 1259 2750 ee,
1279 2688 1360 2769 quue

207 2779 422 2865 intellegenda
441 2784 527 2858 suut,
541 2781 696 2846 eredendo
709 2785 835 2853 tentum
854 2780 949 2848 modo
964 2780 1134 2858 existimet,
1150 2779 1201 2845 oui
1216 2777 1261 2843 roi
1280 2776 1359 2842 fides

206 2886 320 2971 prosit,
347 2886 486 2971 ignoret3
515 2905 586 2951 num
616 2888 669 2969 pie
696 2886 774 2952 fides
803 2887 872 2953 siue
900 2905 957 2970 spe
981 2891 1014 2952 ei
1040 2887 1109 2952 sine
1133 2885 1264 2954 caritate
1287 2901 1359 2962 esse

207 3010 269 3058 nou
293 2992 375 3058 uuit.
400 2992 447 3057 sio
469 2992 569 3076 igitur
591 2992 686 3057 homo
710 2989 813 3057 tidelis
838 2991 933 3058 debet
955 2989 1197 3074 crederemur
1219 2989 1359 3056 nondum

162 3099 308 3176 inuidet,
332 3101 369 3163 ut
390 3097 548 3164 uisiouem
572 3101 605 3164 et
626 3104 734 3181 speret
756 3096 790 3164 ot
811 3102 907 3164 emet

139 3206 160 3269 9
252 3205 294 3271 ut
321 3203 500 3272 risibilium
527 3203 654 3289 quidem
682 3223 788 3271 rerum
814 3204 1068 3289 proeteritorum,
1096 3222 1179 3287 queo
1204 3206 1360 3286 tompore·

207 3311 282 3377 liter
308 3313 510 3391 transierunt,
540 3312 609 3379 sole
635 3312 714 3378 fides
738 3315 798 3389 est,
822 3311 973 3395 quonism
1000 3329 1062 3394 nou
1091 3310 1195 3377 adhue
1222 3306 1361 3375 uidende

207 3421 383 3503 sperentur,
416 3418 473 3485 sed
503 3418 589 3485 iente
615 3422 649 3485 et
673 3420 835 3484 mareote
861 3417 1042 3496 ereduntur,
1056 3467 1059 3475 .
1074 3417 1162 3483 siout
1187 3420 1238 3482 est
1267 3411 1359 3490 illud,

208 3524 294 3608 quod
317 3524 512 3592 Christus
536 3526 662 3592 semel
688 3523 970 3610 propeccatis
993 3521 1359 3589 nostrismortuus

297 3766 332 3822 29
349 3707 368 3821 Ι1
382 3766 455 3822 Petr.
474 3767 501 3834 3,
521 3766 567 3830 18;
587 3766 664 3821 Rom.
681 3766 708 3834 6,
727 3767 816 3826 e-lo

245 3890 328 3945 lilio
346 3891 420 3945 intus
439 3889 499 3947 edd.
554 3890 618 3946 tin
638 3889 764 3946 cordibus
781 3891 883 3946 nostris
902 3890 963 3945 edd.
978 3894 1093 3959 prester
1109 3905 1137 3943 sn
1197 3887 1359 3942 terensem

207 3975 334 4049 Eeptppo
343 3977 477 4037 ΜΗ.
513 3979 798 4050 4υΠηω]1ΙΙιιωΡΤ“
852 3975 1160 4050 maenomenon
1174 3974 1238 4030 Vat.
1275 3972 1360 4042 'tipus

207 4066 268 4122 edd.
358 4068 375 4123 8
394 4068 422 4122 iu
441 4066 522 4123 eorde
541 4071 634 4123 nostro
652 4067 714 4123 edd.
790 4066 976 4122 inmduaeret
993 4067 1021 4122 Β
1038 4066 1181 4122 induceret
1198 4065 1224 4136 (o
1242 4064 1312 4131 esp.)
1336 4058 1362 4114 T

209 4156 242 4210 17
256 4171 350 4211 uerum
365 4170 424 4211 esse
438 4154 552 4211 uidetP
587 4157 621 4212 18
630 4172 660 4211 se
670 4155 773 4227 nidore]
787 4171 816 4210 re
829 4154 923 4211 uidere
936 4153 1027 4211 OTT¹
1036 4153 1160 4210 renidere
1170 4151 1199 4206 P
1232 4152 1266 4209 lo
1275 4150 1360 4221 quod]

208 4257 261 4317 que
283 4242 362 4300 OPT
378 4259 431 4314 quo
453 4243 489 4298 Τι
552 4245 588 4302 24
605 4244 717 4315 ergoO
788 4243 862 4314 quod
879 4242 1000 4299 noudum
1018 4241 1097 4297 uidet
1114 4238 1223 4297 eredere
1241 4240 1358 4298 om*
