3309 4867
637 318 902 390 epistularum
929 315 1027 373 xum.
1338 326 1400 390 ’91

255 517 378 580 frenata
401 512 631 595 comprimeret,
656 512 682 576 si
708 513 842 578 diceret:
870 512 1017 588 ‘Videtia
1039 512 1164 591 fratres,
1186 516 1262 596 post
1282 517 1404 580 tantam

257 629 395 703 stragem
427 618 658 701 persecutionis
689 619 909 684 misericordia
935 618 1033 702 deira
1058 618 1256 702 principibus
1283 621 1404 689 saccati

257 745 367 811 pacem
382 744 458 797 esse,
472 740 670 799 concessamr
690 744 750 788 uon
771 724 925 790 dehemus
943 724 1002 789 nos
1022 722 1193 789 Christiani
1212 729 1246 790 et
1262 719 1405 810 episcopi

258 833 413 896 unitatem
446 830 642 913 disrumpere
675 829 901 908 Christianam,
933 850 1030 913 quam
1062 831 1125 895 iam
1163 849 1307 915 paganus
1343 851 1403 898 non

223 937 437 1020 sinsequitnr
471 937 631 1008 inimicus.
668 937 776 1018 itaque
813 941 871 1003 aut
905 937 984 1002 istas
1022 955 1132 1001 omncs
1168 955 1293 1016 causas,
1325 958 1404 1021 quaa

259 1043 365 1108 clades
393 1042 663 1108 turbulentissimi
691 1044 844 1128 temporis
876 1043 991 1108 inflixit
1022 1042 1184 1118 ecclesiae,
1217 1043 1276 1109 deo
1309 1045 1405 1132 indici

259 1149 458 1214 dimittamus
491 1153 556 1224 aut,
590 1150 618 1214 si
651 1148 750 1231 aliqui
777 1149 808 1214 iu
839 1149 931 1214 uobis
959 1152 1045 1226 sunt,
1073 1150 1130 1232 qni
1156 1153 1244 1214 certa
1269 1144 1405 1217 istorum

259 1256 391 1322 crimina
413 1256 458 1319 ita
480 1256 636 1333 nouerint,
660 1259 698 1320 ut
720 1275 757 1321 ea
779 1257 873 1321 facile
896 1256 1025 1321 ualeant
1042 1255 1172 1322 edocere
1191 1259 1406 1340 negantesque

260 1364 456 1456 reminsem,
489 1365 522 1425 et
551 1361 676 1427 talibus
709 1362 943 1427 communicare
979 1361 1160 1439 formidant,
1197 1365 1332 1446 pergant
1367 1361 1406 1426 ad

214 1492 240 1531 ro
260 1468 371 1532 fratres
403 1471 437 1531 ct
468 1467 608 1551 collegas
641 1470 768 1533 nostros
800 1468 1081 1533 transmarinarum
1109 1468 1316 1533 ecclesiarum
1343 1469 1407 1551 epi·

261 1593 374 1657 scopos
403 1577 437 1638 et
464 1573 507 1637 ihi
536 1573 624 1655 prius
652 1574 691 1637 de
715 1575 850 1638 istorum
874 1574 967 1639 factis
992 1576 1026 1639 et
1047 1574 1249 1639 contumacia
1272 1592 1408 1656 conque·

259 1684 378 1757 rantur,
416 1681 501 1764 quod
537 1680 576 1744 ad
615 1680 769 1746 iudicium
808 1681 1002 1764 collegarum
1037 1675 1186 1745 Afrorum
1221 1681 1306 1744 male
1346 1679 1408 1745 sibi

261 1787 380 1852 conscii
403 1786 510 1850 uenire
534 1784 713 1864 noluerunt,
738 1790 776 1851 ut
797 1786 871 1851 inde
893 1785 959 1852 illis
983 1785 1195 1860 denuntietur,
1217 1769 1257 1847 u't
1279 1785 1409 1851 ueniant

260 1893 367 1975 ibique
396 1892 530 1980 obiectis
558 1893 778 1975 respondeant.
812 1893 898 1976 quod
926 1891 954 1957 si
981 1908 1043 1955 non
1070 1890 1212 1968 fecerint,
1240 1890 1286 1955 ibi
1312 1890 1409 1955 otiam

216 2021 242 2061 re
261 2017 370 2064 eorum
397 1997 539 2080 prauitas
569 2001 601 2062 et
624 1998 818 2081 peruersitas
842 2000 1021 2064 innotescet
1042 1996 1204 2078 missaque
1226 1996 1411 2061 tractatoria

261 2123 356 2188 snper
383 2123 493 2168 eorum
520 2104 645 2170 nornine
673 2122 729 2187 per
756 2108 860 2168 totum
890 2103 997 2169 orbem
1020 2106 1186 2181 terrarum,
1209 2120 1410 2184 quacumque

260 2212 324 2275 iam
348 2210 466 2275 Christi
489 2210 627 2274 ecclesia
649 2210 782 2275 dilatata
806 2213 866 2288 est,
890 2210 928 2273 ab
953 2209 1100 2275 omuibus
1128 2208 1274 2273 ecclesiia
1300 2226 1410 2273 eorum

262 2315 443 2380 communio
469 2315 680 2397 praecidetur,
708 2334 749 2380 ne
776 2316 894 2399 aliquis
918 2334 1004 2379 error
1024 2315 1057 2378 iu
1081 2312 1231 2380 cathedra
1253 2297 1408 2379 ecclesiae

263 2421 463 2504 Carthaginis
506 2421 634 2487 oriatur.
676 2427 748 2486 tum
780 2421 909 2486 demum
942 2420 1046 2486 securi
1082 2419 1268 2504 episcopum
1309 2420 1408 2485 alium

215 2550 244 2589 ao
262 2527 347 2610 plebi
371 2526 572 2611 Carthaginis
595 2525 821 2605 ordinabimus,
845 2546 918 2592 cum
942 2527 1049 2591 atota
1065 2526 1202 2591 ecclesia
1218 2526 1275 2592 isti
1291 2513 1423 2593 inerint<
1449 2596 1451 2600 ,

263 2635 408 2730 separati,
438 2653 476 2698 ns
504 2634 595 2710 forte,
624 2653 697 2698 curn
725 2633 807 2698 alius
835 2632 930 2722 modo
958 2621 1056 2697 suerit
1082 2632 1256 2725 ordinatus,
1285 2652 1346 2699 non
1379 2631 1409 2697 ei

263 2741 516 2804 communicetur
543 2739 582 2803 ab
610 2739 747 2804 ecclesia
772 2739 992 2815 transmarina,
1021 2737 1096 2821 quia
1125 2739 1188 2804 iste
1221 2739 1260 2805 ab
1292 2739 1409 2804 honore

264 2845 428 2929 depositus
452 2865 514 2910 non
539 2846 710 2916 uidebitur.
735 2864 830 2928 quem
853 2845 917 2910 ium
938 2845 1116 2910 ordinatum
1134 2844 1219 2909 fama
1237 2831 1412 2911 celebrauit

264 2955 297 3015 et
328 2952 366 3016 ad
399 2971 472 3015 eum
503 2970 680 3016 commeare
713 2951 1014 3017 communicatorias
1046 2949 1170 3015 litteras
1196 2949 1285 3029 fecit,
1313 2953 1420 3031 atquc*

217 3081 246 3120 a
264 3057 310 3121 ita
343 3067 494 3141 inagnum
532 3056 715 3121 scandalum
753 3056 937 3122 schismatis
968 3058 1006 3121 ,in
1039 3055 1161 3138 unitate
1194 3054 1314 3121 Christi
1345 3056 1410 3121 iarn

264 3163 385 3244 pacatis
408 3162 606 3246 temporibus
630 3149 760 3239 oriatur,
780 3162 856 3228 dum
879 3180 1087 3248 praepropera
1109 3161 1261 3227 uolumus
1285 3165 1410 3228 nostras

263 3269 469 3351 praecipitare
496 3268 687 3356 sententiaa,
704 3273 736 3332 et
758 3287 819 3333 non
849 3255 958 3335 contra
985 3266 1198 3334 Caecilianum
1223 3268 1280 3333 sed
1303 3273 1412 3335 contra

300 3495 428 3548 domnos
446 3491 561 3566 israele
623 3493 743 3548 diudici
762 3493 813 3548 deo
832 3494 869 3549 Μ
928 3491 1063 3563 taliqai·
1082 3490 1112 3557 (d
1130 3491 1213 3562 erae.)
1230 3491 1260 3545 P
1330 3492 1409 3550 circa.

263 3585 324 3634 aar
341 3597 411 3635 cor-r.
431 3585 505 3635 certa
519 3581 545 3634 A
602 3582 636 3634 10
654 3582 828 3650 ecelesiarum
847 3598 900 3638 om.
913 3581 951 3636 Μ
1022 3580 1195 3650 coepiscopos
1208 3580 1247 3634 Μ
1299 3581 1331 3635 11
1347 3597 1411 3634 con·

265 3670 406 3738 quitantur
423 3669 486 3723 MA
577 3672 610 3724 13
629 3670 768 3724 noluerint
784 3670 815 3725 F
892 3674 925 3724 ut
941 3668 1018 3739 inde]
1038 3670 1086 3723 ant
1103 3666 1168 3722 iude
1185 3666 1294 3723 PBce
1311 3670 1359 3722 aut
1377 3666 1411 3721 de

265 3756 353 3812 MFA
435 3759 528 3811 ueniat
546 3757 573 3811 A
643 3759 676 3812 14
695 3758 797 3814 ineunt
814 3760 842 3814 A
911 3759 944 3813 15
961 3756 1093 3838 hystoria
1110 3755 1138 3810 P
1205 3758 1238 3812 ld
1257 3757 1367 3814 nomina
1384 3758 1412 3811 A

267 3847 300 3899 17
318 3847 439 3902 diluam
531 3847 564 3901 18
582 3864 633 3901 neo
653 3853 678 3903 A
764 3847 909 3903 cathedrae
927 3847 965 3901 M
980 3844 1107 3901 mhedre
1124 3845 1156 3901 F
1244 3847 1278 3902 la
1295 3849 1360 3901 tnnc
1377 3847 1416 3901 Μ

265 3937 302 3990 20
319 3936 502 3991 ordinauimus
521 3937 548 3989 A
620 3941 680 3992 toto
694 3942 721 3991 A
794 3937 896 3992 inerint
915 3936 936 4003 (i
954 3952 1011 3991 rar.
1031 3950 1065 3990 ear
1081 3938 1111 4002 u)
1125 3935 1156 3990 F
1204 3934 1239 3988 21
1260 3935 1330 3999 aliie,
1348 3939 1413 3990 nel

265 4040 334 4078 corr.
358 4025 428 4079 alius
451 4026 478 4079 A
568 4027 695 4089 aream,
718 4030 871 4081 m.1corr.
894 4041 955 4080 euru
979 4024 1008 4080 R
1114 4022 1356 4077 communicatores
1376 4022 1416 4080 M

266 4113 301 4168 26
319 4113 435 4185 placatis
452 4115 481 4171 R
558 4132 731 4187 praepopere,
749 4131 819 4171 corr.
838 4119 900 4171 eal
916 4129 1095 4187 praepropere
1113 4112 1141 4165 P
1156 4127 1331 4183 praeponere,
1347 4117 1414 4168 Μ

265 4220 443 4277 praepropere
460 4205 498 4262 M
569 4211 674 4260 nostras
693 4206 816 4261 uolumus
835 4204 896 4261 edd.
