3309 4867
603 370 870 439 epistularum
898 369 991 426 XLIV.
1311 375 1404 439 113'

224 564 283 629 hac
310 581 343 628 re
371 563 553 627 nostrmnm
580 559 697 627 litteris
721 547 847 628 nollent
869 563 1004 632 credere.
1028 583 1086 642 nec
1110 582 1168 629 nos
1191 565 1263 650 cogi
1286 583 1377 649 opor·
1439 545 1442 550 ’
1468 575 1475 602 ·

14 715 15 722 1
225 675 301 746 tere,
324 673 363 734 ut
384 667 503 733 litteris
527 667 694 734 credamus
717 668 871 751 ipsorum.
972 741 976 747 ,

14 775 15 820 t
75 771 168 838 1115
270 775 332 843 Sed
362 770 470 840 tamen
504 775 704 857 sequestrata
735 774 799 846 ista
831 775 928 842 dubia
960 776 1144 860 quaestione
1177 775 1378 861 quaerebam,

225 902 287 966 quo
315 883 409 949 modo
438 900 473 947 ss
500 880 558 946 isti
584 881 670 947 iuste
699 887 903 964 separassent
929 882 968 947 ab
996 884 1178 950 innocentia
1200 889 1377 952 ceterorum

192 989 489 1064 echnstianorum,
518 987 573 1071 qui
600 1005 656 1071 per
683 987 792 1053 orbem
819 992 974 1055 ten-amm
998 992 1222 1058 successionis.
1237 993 1378 1059 ordinem

226 1095 442 1162 custodientes
465 1095 498 1160 in
522 1093 758 1178 antiquissimis
782 1095 928 1161 ecclesiis
952 1097 1120 1164 constituti
1143 1099 1271 1181 penitus
1288 1100 1380 1185 igno·

226 1205 340 1273 tarent.
364 1202 419 1285 qui
443 1201 563 1268 iasmnt
583 1201 616 1266 in
639 1192 748 1266 Africa
770 1201 954 1280 traditores,
977 1204 1032 1286 qni
1056 1207 1141 1269 certe
1162 1223 1224 1271 non
1246 1187 1381 1289 bossunt

227 1309 459 1378 communicare
491 1309 553 1373 nisi
586 1309 643 1387 eis,
676 1326 758 1391 quos
787 1307 899 1374 sedere
924 1310 955 1374 in
983 1309 1115 1375 sedibus
1144 1300 1380 1396 episcopalibus

226 1414 405 1481 audiebant.
433 1415 598 1499 respondit
623 1417 690 1479 tam
719 1414 775 1480 diu
802 1413 1083 1493 transmarinarum
1111 1417 1249 1501 portium
1281 1418 1381 1484 eccle·

180 1542 207 1581 ro
226 1521 291 1587 sias
317 1522 475 1587 mansisse
502 1522 698 1598 innocentes,
727 1519 828 1587 donoc
856 1522 1094 1588 consensissent
1119 1523 1152 1587 in
1176 1543 1286 1590 eorum
1310 1542 1380 1594 sau·

228 1628 366 1711 guinem,
399 1646 481 1712 qnos
513 1628 727 1694 Maeuianam
760 1629 1016 1711 persecutionem
1044 1629 1216 1712 pemnlisse
1244 1630 1380 1696 dicebat.

226 1735 282 1799 ubi
306 1753 364 1822 ego
387 1745 517 1819 possem
541 1734 667 1818 quidem
693 1734 797 1800 dicere
816 1751 876 1800 nec
894 1734 1018 1800 inuidia
1034 1735 1208 1801 Macariani
1227 1736 1382 1820 temporie
1404 1793 1406 1800 ,

226 1841 439 1906 innocentiam
463 1841 746 1907 bansmarinamm
769 1841 977 1906 ecclesiarum
1001 1841 1207 1908 contaminari
1225 1843 1382 1925 potuisse,

228 1946 352 2029 qnando
376 1946 508 2029 quidem
530 1946 619 2012 nullo
643 1945 739 2012 modo
763 1947 952 2031 probaretur
977 1945 1043 2015 illis
1072 1946 1266 2014 auctoribus
1285 1948 1381 2014 etiam

181 2077 208 2117 re
226 2052 353 2130 fecisse,
381 2072 463 2137 quae
494 2054 625 2128 fecerat3
658 2052 715 2118 sed
744 2051 782 2117 de
810 2052 998 2136 compendio
1032 2071 1183 2137 quaerere
1215 2054 1324 2133 malui,
1353 2054 1382 2119 si

227 2157 360 2224 Macarii
382 2159 530 2234 scarritia,
554 2178 591 2224 er
615 2179 677 2243 quo
701 2178 733 2223 nn
759 2177 829 2224 eam
854 2159 1054 2225 consensisse
1078 2158 1267 2226 dicebantur
1283 2162 1384 2226 mans·

227 2265 366 2330 ruminae
408 2264 573 2342 ecclesiae,
615 2283 708 2330 suam
753 2263 968 2331 innocentiam
1014 2259 1229 2347 perdiderunt,
1252 2252 1253 2256 ¹
1274 2270 1384 2332 utrum

229 2370 341 2436 saltem
378 2371 569 2454 probaretur
604 2390 708 2455 usque
746 2371 786 2435 ad
823 2370 880 2438 illa
912 2375 1058 2456 tempora
1088 2369 1276 2442 Donatistas
1309 2391 1382 2438 cum

229 2477 437 2546 orientalibus
479 2478 624 2545 ecclesiis
665 2477 846 2561 ceterisque
889 2469 975 2543 orbis
1015 2478 1157 2561 partium
1193 2478 1224 2543 in
1262 2477 1386 2546 unitate

185 2584 395 2651 remansisse.
1022 2641 1026 2650 .
1386 2582 1387 2585 ’

274 2690 362 2756 annc
393 2692 531 2775 protulit
563 2689 722 2774 quoddam
759 2690 923 2767 uolumen,
960 2689 1025 2755 ubi.
1053 2688 1183 2760 uolebat
1219 2690 1386 2756 ostendere

230 2796 417 2863 Serdicense
444 2797 616 2863 concilium
643 2795 683 2861 ad
711 2797 881 2881 episcopos
907 2797 1013 2874 Afros,
1042 2795 1097 2879 qni
1126 2798 1216 2862 erant
1244 2801 1386 2862 commu·

230 2901 334 2969 nionis
357 2903 486 2982 Donati,
510 2902 636 2968 dedisse
658 2902 793 2968 litteras.
814 2902 901 2986 quod
920 2922 993 2967 cum
1012 2902 1181 2988 legeretur,
1202 2892 1386 2968 audiuimus

231 3009 347 3074 Donati
373 3028 489 3074 nomen
512 3010 595 3076 inter
618 3012 741 3074 ceteros
760 3009 946 3092 episcopos,
970 3008 1087 3091 quibus
1111 3007 1160 3080 illi
1184 3009 1387 3092 scripserant.

184 3142 212 3183 κε
232 3117 339 3198 itaque
375 3115 520 3200 flagitare
557 3115 732 3199 coepimus,
769 3118 816 3182 nt·
843 3114 1021 3193 doceretur,
1058 3118 1167 3179 utrum
1187 3114 1268 3198 >ipse
1300 3119 1389 3179 esset

232 3222 387 3299 Donatus,
416 3221 455 3288 de
484 3221 577 3286 cuius
600 3224 690 3304 parte
713 3220 769 3285 isti
793 3222 1071 3305 cognominatum
1095 3219 1164 3285 ficri
1189 3220 1272 3285 enim
1295 3222 1389 3303 potu·

232 3327 307 3406 isse,
334 3330 372 3392 ut
400 3327 496 3392 alicui
524 3326 648 3392 Donato
677 3326 808 3392 alterius
837 3327 985 3394 haeresis
1008 3325 1159 3410 episcopo
1191 3325 1387 3410 scripserint,

233 3452 306 3499 cum
342 3433 479 3499 maxime
514 3433 547 3498 in
584 3434 650 3499 illis
688 3433 871 3499 nominibus
903 3449 961 3498 nec
992 3433 1118 3498 Africae
1150 3431 1270 3497 mentio
1303 3431 1389 3497 iacta

233 3540 343 3617 fuerit3
369 3560 431 3623 quo
455 3540 550 3605 modo
575 3559 649 3625 ergo
672 3542 784 3623 posset
805 3540 939 3622 probare
962 3539 1124 3605 Donatum
1147 3538 1247 3621 portis
1270 3538 1388 3603 Donati

271 3822 459 3895 lopertetrr
505 3817 791 3891 3seq;stralistaM
842 3818 977 3888 dqnomo
997 3819 1079 3885 (ciel)
1098 3816 1136 3870 Μ
1188 3812 1387 3886 separarentid

233 3908 333 3979 Batiai]
352 3915 370 3964 a
387 3908 416 3964 R
472 3909 504 3963 ll
525 3908 698 3964 machariana
716 3907 906 3978 persecutione
925 3906 953 3961 P
1003 3907 1035 3960 12
1055 3906 1119 3975 ego]
1140 3920 1204 3974 ergo
1223 3902 1251 3958 A
1300 3902 1334 3956 14
1348 3900 1388 3956 ie-

234 3999 303 4053 cisae
322 3998 405 4052 etiam
424 3997 485 4051 edd.
533 3989 593 4052 ’16
612 4013 644 4051 er
662 4011 716 4068 quo
735 4012 788 4054 om.
807 3995 836 4050 R
920 3995 1100 4049 transmarina
1117 3994 1149 4049 F
1219 3993 1256 4047 18
1271 3989 1337 4045 sulti
1354 3987 1392 4043 Μ

235 4086 270 4140 19
288 4084 412 4156 parabus
424 4085 525 4155 flam
596 4085 702 4139 unitate
717 4084 748 4139 F
799 4083 835 4139 20
853 4084 1002 4138 mansisses
1016 4086 1040 4148 (t
1059 4083 1142 4148 esca)
1162 4080 1190 4135 P
1242 4079 1278 4134 22
1297 4076 1390 4133 Sardi·

234 4190 314 4228 cenes
333 4173 393 4228 edd.
448 4172 740 4234 communicassem
758 4187 827 4227 corr.
848 4171 1043 4226 communionis
1059 4171 1089 4225 F
1123 4171 1158 4224 25
1178 4168 1314 4240 diceretur
1326 4163 1390 4220 Rm

234 4263 270 4317 29
287 4262 391 4317 fuerint
410 4266 437 4327 (n
458 4260 509 4315 dcl.
529 4278 564 4315 m.
575 4265 600 4326 1)
620 4260 657 4314 Μ

259 4386 378 4434 rums,
388 4387 447 4437 Δις.
457 4390 511 4427 sect.
525 4386 550 4427 rr
565 4396 619 4436 per·
629 4388 651 4428 a.
817 4395 821 4404 ·
1337 4357 1354 4411 8
