3309 4867
1190 404 1724 478 epistularum
1779 407 1977 462 xclll.
2047 368 2052 374 ·
2597 409 2724 479 459

428 599 713 681 scripsit:
770 596 978 678 ‘Quod
1049 583 1374 702 uolumuS,
1423 605 1715 667 sanctum
1789 605 1912 668 est
1921 604 1953 667 ‘x‘
2037 611 2105 666 et
2173 622 2341 668 nunc
2405 578 2528 669 non
2596 613 2731 671 erat

426 722 730 790 magnum
777 723 983 788 neque
1030 705 1288 772 difficile
1337 707 1733 774 considerare
1780 713 1974 793 atque
2012 708 2289 793 cogitare
2328 708 2729 776 Constantini

429 809 739 891 iudicium
803 815 994 895 atque
1058 814 1435 879 sententiam
1501 817 1719 879 contra
1781 833 1900 880 uos
1964 814 2203 898 uigere,
2269 834 2431 899 quae
2495 818 2727 883 uestris
2805 880 2809 884 .

289 963 304 975 .
428 917 774 984 maioribus
822 917 1253 986 Caecilianum
1298 919 1467 1004 apud
1512 919 1959 1004 imperatorem
2006 921 2729 1020 totiensaccusantibus

364 1027 499 1089 set
548 1042 672 1089 non
728 1024 1250 1092 conuincentibus
1304 1024 1611 1091 aduersus
1668 1046 1785 1093 uos
1840 1028 2262 1112 promulgata*
2296 1031 2417 1107 est,
2465 1047 2731 1112 eamque

174 1452 335 1515 ‘15

339 1584 395 1625 10

427 1131 802 1197 necessario·
876 1131 1058 1215 sequi
1152 1136 1396 1197 ceteros
1487 1132 1941 1216 imperatores,
2016 1132 2288 1199 maxime
2380 1133 2729 1201 catholicos

393 1235 848 1318 Christianos,
914 1236 1213 1321 quotiens
1280 1238 1358 1304 de
1425 1239 1612 1304 uobis
1676 1224 1921 1324 ali'quid
1978 1257 2169 1324 agere
2223 1242 2479 1305 uestrae
2533 1241 2730 1306 obsti-

432 1342 705 1410 nationis
751 1344 1101 1410 necessitas
1149 1343 1346 1430 cogit.

518 1449 732 1516 Facile
779 1453 915 1516 erat
956 1450 1086 1516 ista
1131 1450 1433 1535 cogitare,
1470 1454 1573 1520 ut
1592 1451 1778 1518 uobis
1824 1452 1995 1536 ipsis
2015 1450 2379 1533 waliquando
2403 1450 2727 1520 diceretis:

431 1554 523 1622 ‘Si
569 1555 968 1623 Caecilianus
1032 1557 1139 1621 uel
1196 1556 1504 1624 innocens
1568 1557 1697 1622 fuit
1766 1559 1871 1623 uel
1946 1575 2179 1628 nocens
2252 1557 2546 1624 conuinci
2608 1577 2731 1625 non

389 1664 665 1748 *potuit
729 1663 881 1748 quid
935 1664 999 1730 in
1056 1663 1179 1729 hoc
1240 1664 1499 1748 negotio
1562 1667 1696 1729 tam
1757 1664 1948 1751 longe
2006 1665 2263 1747 lateque
2329 1653 2563 1730 diffusa
2634 1683 2733 1731 so-

432 1770 631 1835 cietas
707 1769 1069 1836 Christiana
1137 1769 1473 1853 peccauit?
1538 1789 1652 1835 cur
1713 1769 1849 1836 orbi
1914 1768 2275 1836 Christiano
2348 1788 2473 1836 non
2544 1769 2736 1836 licuit

434 1875 739 1960 ignorare,
789 1874 961 1960 quod
1004 1894 1130 1942 non
1174 1879 1536 1959 potuerunt,
1587 1876 1696 1961 qui
1743 1864 2220 1953 accusauerant,
2258 1874 2732 1943 demonstrare?

434 1999 548 2047 cur
607 1981 726 2057 illi,
760 2010 764 2016 ·
793 2001 952 2065 quos
1027 1980 1319 2048 Christus
1381 1983 1444 2047 in
1514 2001 1664 2068 agro
1722 2001 1859 2057 suo,
1914 1981 1990 2046 id·
2038 1985 2140 2047 est
2189 1982 2255 2047 in
2312 1981 2435 2048 hoc
2496 1982 2734 2060 mundo

437 2087 777 2157 semi-nauit
830 2091 898 2153 et
946 2087 1116 2152 inter
1167 2087 1406 2152 zizania
1469 2106 1770 2159 crescere
1814 2107 2020 2172 usque
2083 2086 2164 2153 ad
2225 2103 2504 2154 messem
2557 2106 2733 2172 prae-

437 2193 627 2276 cepit,
692 2210 807 2259 cur
865 2196 968 2259 tot
1028 2193 1206 2259 milia
1266 2191 1564 2269 fidelium,
1605 2195 1671 2259 in
1730 2195 2023 2260 omnibus
2090 2192 2407 2280 gentibus,
2464 2212 2734 2277 quorum

436 2297 908 2374 multitudinem
976 2297 1183 2366 stellis
1249 2301 1407 2366 caeli
1475 2304 1541 2365 et
1602 2300 1871 2376 harenae
1935 2300 2130 2366 maris
2197 2300 2493 2366 dominus
2566 2319 2736 2367 com·

435 2406 704 2487 parauit,
754 2406 928 2489 'quos
991 2405 1056 2470 in
1131 2406 1370 2472 semine
1433 2407 1722 2474 Abrahae
1777 2405 2241 2473 benedicendos
2305 2404 2605 2490 promisit
2672 2411 2738 2473 et

437 2509 730 2590 reddidit,
798 2515 1134 2595 propterea
1203 2516 1516 2599 negantur
1592 2532 1735 2580 esse
1787 2513 2173 2601 sshristiani,
2250 2511 2402 2595 quia
2472 2512 2535 2576 in
2618 2513 2736 2577 hac

439 2633 650 2697 causa,
713 2620 778 2684 in
843 2636 972 2703 qua
1024 2618 1428 2686 discutienda
1479 2638 1603 2685 non
1660 2619 2102 2701 interfuerunt,
2149 2617 2471 2684 iudicibus
2518 2617 2733 2700 potius

438 2743 555 2790 suo
619 2724 904 2808 periculo
965 2724 1402 2791 iudicantibus
1468 2744 1657 2809 quam
1724 2726 1919 2819 uictis
1982 2723 2417 2810 litigatoribus
2479 2718 2829 2792 credere*

434 2830 838 2896 maluerunt?
914 2833 1086 2897 certe
1158 2820 1400 2897 nullius
1474 2833 1712 2898 crimen
1777 2832 2060 2897 maculat
2121 2816 2530 2898 nescientem.
2608 2849 2735 2913 quo

436 2936 625 3004 modo
687 2936 908 3004 fideles
965 2940 1102 3004 toto
1159 2937 1307 3004 orbe
1363 2937 1580 3004 diffusi
1637 2938 1873 3004 crimen
1929 2936 2309 3002 traditorum
2355 2954 2735 3021 cognoscere

436 3047 748 3127 poterant,
823 3043 992 3127 quod
1064 3048 1490 3122 accusatores,
1565 3046 1756 3110 etiam
1833 3043 1890 3111 si
1964 3045 2288 3120 nouerant,
2364 3046 2577 3108 tamen
2641 3042 2737 3107 eis

439 3148 769 3216 ostendere
832 3168 955 3215 non
1013 3149 1354 3214 ualebant?
1400 3148 1518 3214 hos
1568 3158 1716 3233 ergo
1764 3149 1841 3214 ab
1889 3148 2011 3214 hoc
2059 3146 2322 3213 crimine
2368 3146 2736 3213 innocentes

437 3275 580 3322 esse
625 3274 850 3339 nempe
893 3255 1037 3340 ipsa
1079 3255 1435 3340 ignorantia
1477 3255 1779 3320 facillime
1826 3253 2126 3322 ostendit.
2192 3272 2304 3318 cur
2359 3271 2507 3339 ergo
2562 3252 2736 3318 inno·

439 3366 654 3430 centes
710 3362 892 3428 falsis
947 3361 1319 3427 criminibus
1375 3364 1776 3436 accusantur,
1835 3361 1987 3444 quia
2040 3360 2303 3428 crimina
2357 3359 2563 3425 aliena
2620 3379 2734 3425 seu

623 3555 696 3619 14,
725 3552 924 3608 matth.
969 3553 1053 3610 13.
1092 3552 1306 3607 24-30
1418 3553 1485 3608 16
1523 3549 1657 3606 Gen.
1697 3552 1783 3615 22,
1827 3550 2037 3606 17—18
2094 3609 2100 3616 ,

513 3677 547 3731 3
584 3677 786 3747 uigere,
824 3681 945 3731 ιιι.1
977 3692 1156 3746 supra
1189 3677 1218 3731 ζ
1254 3676 1440 3731 uiuere
1476 3674 1533 3730 R
1572 3675 1755 3730 uiuere
1794 3672 1867 3728 M
1902 3677 2064 3739 (corr.
2101 3689 2171 3726 ιιι.
2200 3676 2263 3726 ιιι
2298 3672 2415 3725 uid.
2457 3678 2487 3726 1
2529 3673 2735 3742 uigere)

448 3763 707 3820 ACPNL
886 3769 918 3820 5
975 3762 1454 3820 connino-entibus
1490 3764 1628 3832 (fuit
1664 3762 1706 3829 i)
1746 3761 1819 3817 M
2012 3777 2116 3832 que
2162 3776 2265 3827 ριιι.
2310 3758 2586 3814 MACPL
2610 3777 2690 3814 as
2710 3763 2745 3830 f

439 3857 474 3909 9
512 3853 620 3909 erit
657 3861 705 3907 A
885 3852 1038 3908 istud
1074 3851 1131 3907 R
1285 3853 1352 3908 10
1389 3851 1497 3907 fuit
1534 3851 1624 3906 uel
1658 3852 1921 3906 innocens
1957 3850 2048 3908 uel
2083 3865 2285 3904 nocens
2322 3849 2570 3903 conuinci
2606 3850 2734 3918 [fuit

440 3941 545 4000 del.
558 3959 651 3996 ιιι.
673 3945 735 4009 2)
772 3942 830 3997 Ρ
860 3941 951 3995 uel
988 3941 1247 3995 innocens
1282 3940 1373 3995 uel
1409 3956 1609 3995 nocens
1646 3938 1755 3994 ruit
1791 3943 1849 3994 et
1884 3937 2134 3995 conuinci
2172 3936 2222 3990 L
2380 3938 2445 3990 13
2484 3938 2574 4006 qui
2614 3954 2734 4006 nm,

438 4048 509 4087 ιιι.
531 4036 560 4086 1
593 4030 671 4101 (ἵ)
710 4030 843 4086 add.
879 4030 955 4085 M
1074 4030 1142 4086 15
1176 4031 1321 4085 intra
1357 4028 1410 4083 L
1535 4029 1602 4084 19
1638 4028 1923 4083 christiani
1959 4042 2077 4082 esse
2112 4025 2169 4082 R
2288 4027 2353 4080 21
2394 4025 2714 4095 ligatorihus

439 4139 510 4175 ιιι.
528 4122 568 4172 2
601 4118 974 4190 litigatoribus
1010 4119 1065 4173 P
1172 4119 1241 4173 22
1278 4117 1541 4181 maculae,
1577 4132 1716 4172 corr.
1753 4134 1822 4171 m.
1848 4121 1876 4170 1
1914 4114 2154 4171 maculat
2188 4095 2257 4168 N*
2389 4113 2734 4170 nescientem

441 4214 496 4279 (e
542 4224 610 4264 ex
653 4223 793 4264 corr.
841 4212 890 4262 a
933 4222 1078 4272 ναις
1111 4206 1295 4275 sume
1336 4205 1456 4259 ιιιά.
1507 4210 1585 4272 es)
1633 4203 1703 4258 N
1871 4205 1941 4259 23
1985 4201 2181 4265 fidelis,
2238 4212 2377 4256 corr.
2435 4199 2622 4255 fideles
2666 4202 2742 4258 M

442 4299 512 4353 25
551 4297 825 4389 innocens.
861 4311 930 4348 ιιι.
954 4298 994 4348 2
1030 4295 1347 4350 innocentes
1382 4293 1458 4348 M
