3309 4867
593 384 862 456 epistularum
891 383 950 440 011.
1283 388 1347 453 557

200 600 273 647 cum
302 585 392 648 tanta
417 580 673 653 manifestatione
701 579 740 646 de
766 580 823 646 illo
852 564 1070 665 compleantur
1091 585 1258 669 praeconia
1278 605 1349 669 pro·

199 687 378 773 ph'etarum
393 688 477 755 nolle
491 687 596 753 adbuc
612 687 739 753 credere
753 690 786 753 et
798 687 895 755 malle
913 687 1051 755 bumana
1065 692 1183 757 astutia
1198 691 1349 767 resistere

200 782 294 882 quim
322 798 389 859 tam
417 794 519 859 clarae
547 798 644 878 atque
670 793 856 887 perspicuae
883 797 1013 880 tamque
1041 798 1171 863 sublimi
1196 800 1229 863 st
1251 796 1349 862 subli-

200 901 294 966 miter
312 900 492 965 diffamatae
511 899 638 966 diuinae
657 900 767 967 cedere
786 900 980 980 auctoritati,
996 920 1092 985 qnam
1110 904 1164 968 din
1184 921 1302 985 pamas
1317 905 1350 967 et

168 1007 342 1073 sindrmus
370 1009 420 1072 est
444 1005 629 1073 intellectus
656 1005 794 1071 hominis
822 1006 950 1092 diuinae
977 1007 1087 1074 cedere
1110 1009 1249 1076 ueritati.
1273 1008 1349 1092 quid

202 1132 277 1198 ergo
292 1116 420 1194 mirum,
439 1112 547 1180 sitam
565 1112 748 1179 infidelibus
766 1113 897 1205 plenum
912 1113 1019 1179 orbem
1033 1118 1187 1180 terrarum
1203 1114 1350 1203 Christus

200 1220 358 1304 prioribus
395 1220 533 1286 saeculis
570 1224 712 1299 nouerat,
749 1224 787 1286 ut
823 1221 869 1286 eis
906 1239 1054 1305 apparere
1085 1223 1139 1287 nel
1176 1221 1349 1307 praedicari

201 1328 314 1394 merito
342 1328 452 1406 nollet,
481 1347 561 1411 quos
588 1345 646 1394 nec
673 1326 781 1393 uerbis
804 1346 863 1392 noc
890 1327 1053 1393 miraculis
1081 1328 1150 1393 suis
1173 1327 1348 1394 credituros

201 1452 272 1499 esse
296 1433 513 1518 praesciebat?
536 1453 637 1518 neque
661 1434 745 1500 enirn
768 1433 952 1500 incredibile
975 1438 1026 1500 est
1046 1435 1129 1500 tales
1151 1433 1251 1500 luisse
1273 1436 1350 1498 tunc
1397 1454 1401 1469 ·

154 1557 323 1616 nomnen,
355 1537 465 1622 quales
499 1538 537 1604 ab
566 1539 636 1606 eius
668 1538 807 1604 aduentu
840 1538 1010 1622 usquead
1041 1538 1103 1604 hoo
1130 1543 1257 1620 tempus
1283 1542 1350 1604 tam

201 1646 323 1711 multos
345 1644 446 1711 fuisse
468 1640 565 1729 atoue
588 1665 660 1712 esse
682 1646 845 1711 miramur.
1282 1722 1295 1736 ί

102 1756 152 1820 15
245 1752 289 1817 Et
319 1754 425 1817 tamen
457 1751 496 1817 ab
527 1751 620 1818 initio
654 1752 778 1837 generis
810 1750 943 1817 humani
975 1750 1053 1817 alias
1080 1752 1238 1818 occultius
1271 1749 1349 1815 alias

202 1857 394 1937 euidentius,
427 1857 513 1924 sient
539 1877 713 1943 congruere
740 1850 939 1942 temporibus
967 1857 1123 1924 diuinitus
1154 1857 1263 1923 uisum
1290 1860 1350 1933 est,

203 1984 261 2030 uec
288 1965 468 2051 prophetari
495 1965 622 2032 destitit
648 1985 716 2045 nec,
744 1965 859 2049 quiin
886 1983 960 2031 eum
983 1964 1155 2043 crederent,
1183 1964 1351 2029 defuemnt

155 2091 187 2131 rs
203 2072 243 2136 ab
266 2071 368 2136 Adam
395 2091 499 2162 usque
526 2073 567 2139 ad
588 2072 720 2156 Moysen
748 2074 782 2138 et
807 2072 841 2137 in
866 2072 938 2156 ipso
965 2070 1083 2156 populo
1111 2071 1243 2150 Israhel,
1271 2087 1350 2152 quae

203 2178 334 2263 speciali
362 2178 499 2262 quodam
529 2181 682 2265 mysterio
715 2198 793 2265 gens
824 2172 1012 2265 prophetica
1042 2177 1115 2257 fuit,
1150 2180 1184 2243 et
1214 2176 1247 2242 in
1279 2174 1350 2240 aliis

202 2284 363 2370 gentibus,
396 2288 564 2370 antequem
595 2286 741 2353 uenisset
770 2286 804 2351 in
825 2304 944 2363 ,carne
981 2304 1055 2367 cum
1090 2284 1175 2353 enim
1207 2280 1349 2348 nonnulli

146 2378 148 2380 ’
203 2394 491 2458 commemorantur
521 2391 554 2458 in
587 2391 708 2459 sanctis
734 2377 903 2458 Hebraicis
934 2391 1026 2457 libris
1052 2391 1117 2457 iam
1144 2409 1183 2456 ex
1208 2393 1353 2471 tempore

194 2498 348 2567 ,Abrabae
374 2517 433 2564 uec
454 2498 494 2564 de
522 2499 621 2584 stirpe
643 2499 746 2565 carnis
769 2499 839 2565 eius
866 2516 925 2564 nec
948 2516 985 2564 ex
1010 2496 1129 2582 populo
1151 2495 1274 2564 Israhel
1294 2510 1353 2558 nec

154 2628 186 2666 so
204 2605 385 2671 aduenticia
425 2606 578 2673 societate
618 2606 650 2671 in
691 2604 810 2690 populo
847 2605 979 2684 Israbel,
1012 2595 1076 2689 'qui
1111 2608 1219 2671 tannen
1255 2598 1352 2665 buius

206 2712 395 2779 sacramenti
426 2713 598 2797 participes
634 2715 771 2789 fuerunt,
812 2731 870 2779 cur
900 2731 961 2779 non
994 2710 1159 2778 credamus
1192 2708 1288 2775 edam
1318 2704 1352 2770 in

205 2819 320 2884 ceteris
352 2818 412 2884 hac
439 2823 534 2902 atque
561 2820 637 2886 illac
670 2819 818 2905 gentibus
847 2820 927 2885 alias
954 2818 1034 2883 alios
1061 2816 1173 2896 fuisse,
1205 2810 1353 2898 quamuis

205 2944 261 2991 eos
294 2929 556 2992 commemoratos
592 2927 626 2992 iu
658 2925 778 2992 medem
811 2923 1057 2992 auctoritatibus
1087 2940 1149 2988 non
1185 2918 1353 3005 legamus?

204 3032 251 3097 ita
278 3032 366 3097 salus
392 3032 554 3116 religionis
577 3033 685 3109 buius,
712 3050 768 3117 per
791 3050 887 3115 qnam
910 3032 1012 3097 solam
1036 3042 1145 3096 noram
1168 3026 1255 3093 salus
1277 3021 1355 3095 ueta

294 3190 392 3259 24-p.
411 3190 472 3257 558,
492 3191 509 3244 2
527 3214 562 3237 =
582 3191 651 3259 Aug.
670 3190 792 3244 Retrset.
811 3188 840 3244 11
858 3190 892 3245 31

242 3296 400 3365 aramque]
419 3303 476 3350 tam
495 3297 523 3351 A
541 3301 681 3367 tamquam
699 3296 730 3353 E
790 3294 901 3351 sublimi
920 3298 950 3349 et
966 3308 1056 3350 osen
1125 3290 1271 3373 derodere
1289 3288 1350 3345 edd.

199 3392 350 3454 prosterne
404 3401 484 3455 quam
499 3384 695 3441 diu-ueritati
713 3402 764 3441 oss.
778 3386 809 3440 E
852 3387 927 3440 test
944 3386 974 3438 et
991 3380 1188 3438 intellectuat)
1239 3377 1349 3433 diuinae

143 3544 151 3554 ⁶
205 3473 289 3528 debet
307 3472 438 3528 cederem
457 3474 567 3528 diuinae
586 3474 670 3529 debet
687 3473 796 3529 credere
814 3477 874 3530 cett.
890 3471 951 3527 edd.
1006 3478 1072 3526 oste
1088 3468 1202 3526 usmtmi
1214 3472 1310 3523 snas.
1323 3482 1351 3520 s.

206 3563 272 3617 adri.
287 3563 425 3618 nescitM
459 3564 596 3632 deltam]
611 3564 667 3617 iam
680 3562 711 3618 E
744 3562 871 3618 Smerito
886 3578 938 3617 oar.
954 3560 984 3614 E
1036 3560 1178 3630 quosnec]
1192 3553 1351 3628 qnosnsB

205 3651 379 3708 9inuisibile
397 3651 431 3706 H
481 3656 548 3707 tunc
566 3651 694 3707 fumseE
747 3652 778 3706 ll
799 3655 827 3706 et
846 3650 907 3706 edd.
964 3651 998 3705 14
1016 3648 1146 3705 destituit
1162 3647 1191 3701 P
1207 3642 1356 3702 domnoc

241 3739 321 3797 neC
409 3742 441 3796 15
461 3740 507 3810 ab]
527 3746 556 3793 et
574 3742 608 3795 ab
627 3741 658 3796 Ε
740 3742 769 3795 in
787 3741 863 3811 ipsos
880 3738 997 3811 populos
1014 3738 1046 3794 Ε
1132 3738 1167 3791 ld
1185 3729 1357 3807 speciali-P

209 3830 243 3884 18
261 3832 512 3889 commemorantur.
529 3833 596 3885 m.2
614 3834 857 3884 commemorentur
876 3828 903 3884 G
974 3830 1032 3882 tam
1049 3826 1082 3882 Ε
1129 3825 1162 3881 19
1179 3839 1232 3880 noc
1247 3837 1302 3877 uon
1320 3818 1354 3874 de

206 3920 292 3990 stirpe
311 3919 342 3972 Ε
409 3934 459 3971 nec
478 3934 509 3971 ex
528 3919 686 3973 aduenticia
703 3918 764 3973 edd.
817 3918 854 3973 20
871 3917 964 3987 haina]
983 3917 1013 3971 in
1030 3915 1111 3971 buius
1129 3913 1160 3969 E
1211 3912 1245 3966 21
1265 3925 1354 3965 sacra·

206 4008 316 4070 mentis,
334 4010 400 4061 m.2
417 4006 627 4062 sacramentiG
717 4006 926 4078 participatione
945 4005 976 4060 E
1062 3997 1355 4070 nannetodorum

208 4096 349 4168 gentibus]
369 4095 419 4150 bec
437 4112 505 4166 eque
524 4095 744 4166 intelligentibus
764 4094 793 4152 Ε
897 4095 954 4157 ills,
972 4096 1038 4152 on2
1055 4092 1119 4147 illac
1135 4090 1199 4146 MP
1214 4088 1272 4152 illu,
1289 4087 1355 4142 set

208 4186 270 4242 illac
287 4186 314 4242 G
368 4185 444 4243 alias.
462 4202 497 4241 m.
513 4184 656 4242 2talesG
711 4184 746 4239 23
760 4188 969 4239 commemorato
983 4182 1041 4239 sine
1054 4181 1140 4235 isdem
1160 4194 1229 4234 corr.
1246 4172 1354 4231 ΜΘ

208 4278 244 4337 al
262 4274 395 4331 solnmC
