3309 4867
530 411 794 483 epistularum
820 411 889 468 c1v.
1218 378 1282 487 589

48 596 81 659 0
179 606 262 672 Ecce
287 610 404 691 quanto
427 625 493 685 eos,
522 606 639 691 quibus
666 625 724 672 nos
747 608 908 674 arbitreris
930 609 1036 690 irasci,
1059 649 1103 660 —
1125 631 1203 697 pace
1225 617 1282 682 tus

133 712 266 778 dixerim
288 748 333 761 -·
355 713 532 780 ordinatius
555 733 650 799 quam
673 717 708 779 tu
734 714 910 799 utiliusque
934 716 1109 802 diligimus,
1131 740 1188 805 pro
1212 722 1282 806 qni·

128 821 192 887 bus
221 822 256 886 et
286 818 327 884 ad
354 820 503 887 euitaoda
533 823 623 886 tento
654 820 776 886 maiora
807 821 893 887 mela
925 826 958 889 et
989 824 1029 888 ad
1061 828 1283 910 consequenda

128 930 219 993 tanto
260 927 380 993 maiora
414 928 499 993 bona
528 927 744 1012 deprecamur.
784 943 865 1010 quos
899 928 997 995 eliam
1028 934 1065 997 tu
1101 933 1130 998 si
1162 953 1199 999 er
1230 934 1281 1000 dei

93 1035 262 1101 scaelesti
297 1053 427 1100 munere
468 1054 529 1103 uon
567 1052 605 1100 er
644 1034 812 1100 hominum
847 1037 971 1103 terreno
1007 1056 1095 1105 more
1131 1039 1281 1125 diligeres

130 1143 358 1224 sinceriterque
380 1139 460 1205 mibi
482 1138 684 1216 rescriberes,
712 1138 808 1223 quod,
836 1159 909 1204 oum
933 1143 966 1207 te
989 1143 1029 1209 ad
1041 1132 1281 1231 ‘exsuperantis-

128 1249 208 1316 simi
225 1248 275 1314 dei
298 1249 422 1314 cultum
444 1246 694 1331 religionemque
718 1246 961 1330 compellerem,
971 1248 1108 1317 libenter
1130 1252 1281 1331 audieris,
1334 1234 1337 1239 ¹

129 1374 193 1421 uon
223 1355 328 1421 solum
356 1353 433 1418 baec
461 1353 508 1418 eie
536 1357 673 1438 optares,
702 1352 759 1419 sed
786 1352 833 1418 eis
860 1353 1006 1420 adhaec
1033 1356 1103 1441 ipse
1130 1359 1278 1443 praeires.

129 1462 178 1529 sic
201 1480 294 1528 omne
322 1460 407 1545 apud
433 1479 492 1526 nos
518 1463 594 1526 tuoe
621 1458 786 1544 petitionis
814 1459 979 1545 negotium
1003 1481 1077 1530 cum
1104 1484 1220 1551 magno
1248 1468 1282 1532 et

83 1591 110 1630 n
130 1581 208 1635 sano
245 1567 362 1652 gaudio
385 1567 556 1644 'finiretun
594 1566 642 1633 sie
677 1566 766 1632 illem
798 1567 970 1634 coelestem
1001 1571 1147 1652 patriam,
1184 1591 1280 1657 quam

130 1694 207 1741 cum
236 1674 422 1740 intuendam
453 1692 524 1740 esse
557 1673 734 1749 suaderem,
765 1672 871 1739 libers
903 1677 935 1741 te
968 1678 1131 1760 accepisse
1162 1678 1281 1756 dixisti,

130 1800 168 1847 ex
194 1782 291 1847 huius
319 1781 426 1858 edam,
454 1798 535 1864 quae
558 1786 591 1844 te
618 1779 785 1845 carnaliter
811 1780 932 1865 genuit,
955 1798 1031 1846 uera
1051 1785 1088 1847 et
1107 1784 1162 1868 pia
1183 1784 1280 1851 dilec-

130 1889 218 1954 tione
257 1887 447 1971 promereris
488 1907 563 1952 uere
604 1886 772 1952 cousulens
814 1886 880 1952 tuis
922 1906 984 1953 uon
1025 1888 1065 1955 ad
1105 1891 1279 1956 uanitatem

128 1994 273 2061 laetitiae
290 1994 474 2078 temporalis
497 2013 556 2059 uec
580 1992 620 2058 ad
642 1987 865 2077 impunitatem
887 1994 1189 2076 perniciosissimam
1212 2015 1280 2062 soe

84 2123 112 2163 ιι
130 2099 207 2166 ieris
231 2099 287 2166 sed
310 2101 508 2200 adsgratiam
531 2098 741 2182 sempiternae
764 2099 940 2165 felicitetis.

34 2205 77 2266 11
178 2207 285 2272 Hebes
308 2208 466 2291 expositas
492 2207 524 2271 iu
553 2205 612 2271 hac
634 2224 732 2270 causa
754 2205 964 2289 cogitationes
988 2212 1022 2272 et
1042 2206 1120 2275 uota
1140 2208 1279 2292 pectoris

132 2314 207 2382 mei.
239 2312 316 2396 qnid
347 2317 454 2379 autem
485 2313 584 2379 lateat
615 2312 646 2378 in
675 2311 807 2378 oonsilio
837 2310 898 2390 dei,
929 2314 1041 2391 fateor,
1072 2313 1167 2380 bomo
1196 2333 1278 2388 sum,

130 2419 255 2496 nescim
278 2419 335 2485 sed
353 2420 530 2485 certissime
553 2420 631 2510 seio,
655 2418 807 2502 quicquid
829 2417 912 2484 illud
935 2423 994 2498 est,
1016 2419 1050 2484 id
1068 2433 1139 2486 esse
1161 2421 1279 2489 iustius

132 2527 229 2608 atque
255 2526 430 2609 sapientius
454 2531 488 2592 et
507 2525 691 2592 firmissime
715 2524 895 2598 stabilitum
919 2525 1157 2609 incomparabili
1181 2528 1279 2593 excel·

80 2656 112 2696 eo
131 2632 229 2697 lentie
259 2651 333 2716 prae
361 2633 509 2697 omnibus
537 2631 698 2697 mentibus
726 2629 901 2696 hominurn.
934 2649 1046 2697 uerum
1073 2634 1124 2697 est
1151 2632 1277 2716 quippe,

131 2738 217 2822 quod
239 2738 359 2824 legitur
375 2739 409 2803 in
430 2738 521 2803 libris
543 2738 677 2803 nostris:
701 2737 860 2801 Multae
878 2737 1159 2821 cogitationes
1183 2745 1279 2803 suut

130 2846 170 2912 in
198 2846 317 2912 corde
349 2845 440 2922 uiri,
473 2842 695 2912 consilium
729 2847 863 2908 autem
895 2842 1047 2909 domini
1079 2850 1212 2910 manet
1239 2845 1277 2909 in

132 2956 346 3017 aeternum.
379 2951 510 3034 proinde
538 2949 615 3034 quid
642 2952 769 3033 tempus
798 2950 929 3029 adierat,
957 2949 1152 3037 quidnobis
1179 2951 1278 3017 tacul-

129 3058 208 3124 tatis
244 3061 302 3124 aut
336 3057 535 3123 difficultatis
572 3055 702 3134 oriatur,
730 3054 808 3138 quid
836 3059 997 3139 postremo
1032 3056 1210 3124 uoluntatis
1242 3076 1279 3123 ex

79 3188 110 3230 es
130 3184 235 3231 rerum
275 3164 490 3249 praesentium
526 3164 579 3230 uel
617 3163 810 3229 correctione
846 3163 898 3227 uel
941 3181 997 3246 spe
1031 3162 1139 3229 subito
1175 3164 1279 3247 possit

131 3272 275 3351 existere,
302 3274 410 3336 uirum
437 3270 516 3338 deus
544 3271 592 3338 sic
620 3268 803 3354 indignetur
829 3268 882 3334 bis
909 3267 1013 3347 iactis,
1040 3272 1078 3334 ut
1105 3287 1153 3345 ea,
1182 3289 1277 3353 quam

129 3380 254 3463 petunt,
294 3377 484 3462 impunitate
529 3377 634 3461 magis
674 3377 882 3458 seueriusque
918 3374 1103 3458 puniantur,
1145 3394 1184 3440 un
1219 3376 1277 3440 ilio

130 3484 236 3562 modo,
259 3503 323 3568 quo
340 3484 433 3550 nobis
449 3486 566 3567 placet,
590 3481 804 3559 cohercendos
821 3478 1067 3546 misericorditer
1084 3481 1215 3559 iudicet,
1239 3500 1277 3546 an

130 3589 237 3674 eliqua
267 3588 386 3655 acriore
418 3589 474 3656 scd
508 3588 681 3655 salubriore
710 3606 819 3653 eorum
851 3585 1056 3671 praecedente
1084 3588 1277 3653 correctione

81 3726 109 3773 so
131 3713 189 3762 uec
212 3696 258 3763 ad·
277 3695 442 3761 hominum
470 3696 526 3762 sed
558 3695 599 3761 ad
626 3714 717 3760 snam
745 3692 997 3759 misericordiam
1020 3695 1127 3760 ueraci
1150 3713 1277 3760 conuer-

218 3920 288 3977 6-7
308 3925 337 3975 ct
355 3921 459 3977 10-11
480 3920 514 3976 cf.
532 3938 559 3991 p.
578 3921 640 3986 579,
660 3921 766 3980 14-1o
822 3920 854 3974 21
877 3918 957 3974 Pron.
980 3918 1022 3984 19,
1041 3919 1073 3973 21

166 4046 200 4102 18
219 4044 388 4117 promereris,
407 4045 474 4099 nst
491 4045 669 4115 promerueris
692 4043 729 4111 V,
747 4042 960 4115 promerererisc
1011 4041 1043 4096 18
1061 4039 1110 4096 sed
1128 4043 1278 4097 certissime

129 4135 186 4190 scio
204 4150 256 4192 ors.
274 4132 330 4189 VU
344 4135 388 4202 (io
406 4151 492 4204 worp.
512 4133 590 4200 odd.)
611 4132 681 4187 irre
735 4133 806 4203 esee]
826 4136 870 4185 eet
889 4130 911 4182 V
929 4131 998 4185 tros
1034 4130 1276 4202 repetentem.

126 4226 228 4296 putent
249 4220 277 4278 U
333 4223 369 4278 28
387 4222 466 4277 nobis
483 4224 600 4289 ieros,
617 4222 675 4290 fait
692 4222 780 4291 magis
803 4219 831 4275 U
846 4219 933 4290 magis
956 4218 1053 4273 Vter
1110 4220 1145 4274 29
1164 4219 1277 4289 acriore]
1329 4243 1350 4282 ς

129 4311 237 4367 ἁπτιοῐο
255 4326 290 4365 cc
306 4325 377 4366 corr.
400 4306 425 4365 V
442 4309 549 4365 dumoso
568 4309 629 4365 edd.
