3309 4867
263 404 328 468 398
616 400 642 454 S.
672 398 809 461 Aureli
838 398 1058 469 Augustini

262 598 369 669 centm
408 616 479 663 asse
515 596 655 673 fatearis,
693 595 816 681 cogeris
854 594 959 661 dicere
1001 593 1141 660 omnium
1184 595 1277 660 malis
1319 594 1417 658 iactis

262 702 425 781 obnoxios,
458 688 531 769 cum
564 703 648 787 apud
681 722 740 769 uos
771 701 898 787 perditi,
925 705 963 768 ut
990 702 1102 767 mitius
1132 701 1274 780 dixerim,
1300 699 1417 777 latent,

262 827 455 875 aesomnes
479 828 549 876 esse
571 809 724 893 pollutos.
748 827 810 874 non
833 808 918 873 enim
941 808 1098 874 neminem
1127 808 1165 874 de
1192 811 1300 873 neena
1327 825 1418 872 com·

262 914 414 1001 munione
435 916 556 998 pellitis
580 919 636 982 ont
659 918 735 981 tune
758 913 897 998 primum
920 914 1052 999 pellitis,
1072 933 1145 980 cum
1164 915 1302 999 primum
1319 912 1416 991 illud,

233 1018 348 1088 'unde
368 1022 535 1107 pellendus
559 1027 619 1100 est,
642 1021 763 1089 ferent.
797 1041 835 1087 sn
864 1040 925 1088 non
954 1021 1117 1105 aliquanto
1145 1025 1287 1106 tempore
1313 1020 1417 1085 laten-
1454 1043 1470 1079 e

259 1131 398 1216 temet
433 1133 545 1213 postea
585 1127 746 1212 proditum
788 1127 1035 1212 conniotnmque
1077 1127 1255 1193 damnatis?
1295 1145 1415 1210 quaero

261 1233 371 1319 igitur,
403 1239 514 1305 sumum
546 1253 604 1301 uos
638 1234 904 1300 contaminauerit
936 1253 973 1300 eo
1004 1238 1158 1318 tempore,
1192 1254 1254 1325 qno
1281 1232 1415 1300 latebat

262 1341 482 1426 respondebis:
506 1341 614 1408 ‘Nullo
636 1340 753 1408 modo¹.
785 1341 874 1407 nullo
903 1359 977 1426 ergo
1005 1345 1147 1427 tempore
1174 1340 1416 1415 contaminaret,

262 1447 358 1513 etiarn
382 1449 410 1513 si
432 1467 557 1532 semper
580 1448 612 1513 id
633 1447 762 1521 lateretr
786 1467 860 1513 nem
883 1450 917 1517 et
934 1452 1131 1514 mortuorum
1151 1447 1301 1513 nonnulla
1316 1464 1415 1527 saepe

263 1554 436 1622 commissa
465 1555 642 1640 produntur
667 1573 725 1620 nee
752 1554 856 1621 standi
883 1559 935 1622 est
957 1554 1155 1634 Christianis,
1180 1555 1468 1638 qnieieeom·10

126 1676 141 1727 a
252 1660 465 1747 vmnnieauere
491 1661 694 1728 uiuentibus.
731 1679 788 1727 eur
819 1680 895 1747 ergo
928 1680 987 1727 uos
1019 1667 1085 1727 tam
1118 1661 1285 1728 temeraria
1316 1664 1414 1743 atque

262 1766 418 1853 sacrilega
448 1766 658 1853 diremptione
685 1767 887 1851 praecidistis
911 1789 930 1833 a
952 1768 1174 1835 communione
1202 1766 1414 1835 inunmerabi-

236 1873 341 1938 ›lium
373 1875 593 1941 ecclesiarum.
608 1873 821 1952 orientalium,
854 1893 934 1959 quas
967 1893 1091 1958 semper
1121 1874 1220 1940 latuit
1249 1878 1282 1939 et
1308 1871 1412 1938 adbuc

263 1978 353 2060 latet,
377 1980 463 2064 quod
484 1981 516 2049 in
539 1980 647 2046 Ainea
669 1984 797 2065 gestum
821 1999 893 2047 esse
917 1984 974 2046 aut
996 1980 1117 2048 docetis
1140 1984 1197 2046 aut
1219 1980 1359 2065 fingitis?

157 2158 159 2161 ,
218 2083 239 2147 2
306 2084 379 2151 Alia
407 2086 492 2152 enim
520 2086 664 2170 quaestio
694 2092 754 2160 est,
782 2090 890 2152 utrum
906 2074 971 2151 illa
994 2104 1069 2152 uera
1091 2086 1217 2165 dicatis,
1230 2104 1320 2169 -quae
1342 2084 1413 2168 qui·
1435 2106 1462 2143 re

262 2192 333 2258 dem
365 2210 423 2260 nos
455 2194 557 2259 mnlto
590 2193 857 2277 probabilioribus
891 2193 1089 2259 documentis
1121 2193 1205 2259 falsa
1235 2211 1306 2260 esee
1338 2210 1412 2258 con·

262 2298 422 2364 uincimus
456 2302 489 2365 et
520 2300 552 2366 in
584 2299 702 2365 nestns
734 2299 837 2384 magis
869 2318 907 2365 ea
938 2300 1018 2384 ipss,
1052 2319 1132 2384 qnae
1164 2299 1301 2375 obicitis,
1332 2303 1411 2364 tuno

262 2405 395 2489 probata
417 2403 625 2474 declaramus.
650 2406 706 2472 sed
729 2406 817 2484 haee,
841 2410 879 2471 ut
902 2406 975 2483 dixi,
999 2406 1061 2472 alia
1083 2406 1229 2491 quaestio
1256 2410 1307 2472 est
1331 2408 1412 2471 tuno

263 2511 473 2597 adgredienda
510 2518 543 2578 et
578 2511 787 2590 discutienda,
825 2531 899 2579 oum
937 2533 1017 2597 opus
1058 2514 1165 2580 inerit.
1206 2512 1287 2579 illud
1326 2531 1411 2578 nune

262 2617 413 2684 adtendat
444 2619 612 2704 uigilantia
643 2619 759 2684 mentis
790 2622 865 2685 tuse
892 2619 1049 2685 neminem
1078 2619 1284 2687 contaminari
1313 2638 1410 2704 posse
1430 2640 1461 2679 ao

198 2752 229 2770 ν
261 2723 442 2809 ignotorum
478 2725 659 2810 ignotisque
697 2723 894 2791 criminibus.
936 2726 1019 2791 unde
1060 2722 1263 2791 manifestum
1305 2728 1355 2792 est
1390 2744 1410 2787 a

212 2886 216 2892 .
252 2832 482 2898 ,communione
506 2830 602 2909 orbis,
626 2831 679 2897 cui
703 2849 760 2897 seu
783 2831 866 2896 isles
887 2850 946 2915 sen
969 2842 1045 2897 nera
1062 2831 1204 2909 cumina,
1224 2851 1305 2915 quae
1323 2830 1409 2898 nme

261 2937 437 3018 intenditis,
469 2958 602 3023 prorsus
640 2939 749 3024 ignota
786 2942 862 3003 sunt
897 2941 931 3004 et
966 2939 1075 3023 ignota
1111 2958 1235 3023 semper
1270 2938 1409 3016 luerunt,

262 3044 416 3130 sacrilego
450 3045 622 3112 schismate
654 3064 714 3112 nos
742 3063 812 3110 esse
841 3048 1015 3128 separatos.
1049 3064 1242 3130 quamquam
1269 3048 1303 3111 et
1328 3045 1408 3110 illud

261 3168 321 3216 nou
346 3155 396 3217 est
417 3151 588 3218 tacendum
612 3151 707 3217 etiam
732 3151 878 3235 cognitos
901 3152 1002 3217 malos
1026 3151 1117 3218 bonis
1145 3171 1207 3217 non
1235 3152 1347 3218 obesse
1375 3153 1407 3217 in
1428 3167 1456 3208 sa

261 3257 406 3333 ecclesia,
436 3258 464 3323 si
492 3277 546 3325 ecs
573 3278 592 3323 a
622 3258 844 3324 commuuione
871 3258 1058 3342 probibendi
1081 3264 1136 3324 aut
1158 3262 1301 3342 potestas
1325 3258 1409 3351 desit

243 3366 317 3441 ,aut
339 3363 446 3446 aliqua
467 3364 546 3430 ratio
571 3363 804 3429 conseruandae
827 3364 915 3447 pacis
943 3364 1106 3448 impediat.
1138 3367 1193 3450 qui
1216 3366 1407 3442 eratenim,

296 3676 312 3729 7
330 3692 380 3730 nos
397 3675 427 3732 R
493 3677 510 3732 8
529 3677 729 3749 respondebitis
748 3680 776 3733 A
792 3678 970 3749 respondebit
988 3677 1016 3732 R
1087 3678 1151 3734 aid
1169 3681 1201 3734 iss
1217 3694 1274 3737 rus.
1294 3685 1355 3735 sel
1371 3680 1410 3735 Μ

261 3764 296 3818 10
313 3765 459 3821 commissa
475 3765 531 3820 Fe
620 3782 831 3831 eommueauere,
848 3770 915 3821 set
933 3766 1164 3823 communicauere
1180 3768 1210 3822 P
1294 3770 1327 3825 ll
1349 3770 1423 3839 eur}

259 3853 365 3924 oum?
438 3856 471 3910 12
490 3854 642 3925 direptione
659 3854 688 3925 (p
708 3870 742 3910 en
760 3871 828 3911 corr.
847 3860 922 3923 eoi)
942 3855 979 3911 Μ
996 3855 1149 3926 direptione
1168 3858 1193 3913 A
1273 3854 1416 3928 pmedi-'

259 3942 295 3995 tis
313 3940 341 3996 P
394 3945 427 3999 15
447 3944 517 3998 enirn
536 3959 588 4007 ors,
608 3947 634 3997 A
698 3944 730 3999 le
750 3961 806 4007 uos
826 3960 895 3998 corr.
914 3950 949 3998 sir.
968 3952 1000 3999 ret
1017 3945 1178 4000 uidimus
1195 3945 1226 4001 F
1295 3948 1407 4001 conuin-

259 4030 353 4098 eimnr,
371 4036 436 4089 Μ
456 4033 640 4087 conuineirnus
658 4032 687 4088 B
747 4034 782 4089 20
801 4034 993 4099 contaminare,
1012 4034 1354 4093 corr.»m.1,oontsrniusri
1372 4035 1411 4089 Μ

258 4118 291 4171 21
313 4134 364 4188 que
383 4136 472 4175 ossan
525 4120 737 4192 ilparatosF
788 4114 1410 4190 tiantaeeorr.sr.2;faieserrid.utdl

258 4210 291 4260 ut
308 4206 338 4260 F
425 4208 532 4280 nli-qne
550 4207 581 4264 F
671 4208 797 4279 impedis,
817 4226 886 4265 corr.
906 4228 933 4264 oe
953 4216 968 4265 1
985 4210 1118 4282 impediat
1135 4211 1163 4265 P
1255 4211 1326 4267 enim
1345 4230 1407 4277 om,

259 4299 318 4348 nel
337 4296 402 4351 aaa.
422 4297 475 4351 P·
