3309 4867
632 350 897 424 epistularum
924 352 1045 408 LXXVI.
1344 357 1409 422 327

261 546 356 612 dixit:
378 545 540 613 Messores
562 547 721 633 principes
746 544 1050 615 Circumcelliouum
1073 552 1157 617 suut.
1181 548 1238 615 sed
1262 548 1336 633 quia
1354 567 1410 633 pro

262 652 391 718 zizaniis
423 653 566 719 triticum
598 657 785 735 accusastis,
817 674 878 722 uos
909 674 981 721 esse
1013 656 1131 722 zizania
1169 655 1410 724 demonstrastis

263 763 307 836 et,
335 759 419 842 quod
447 763 498 825 est
524 760 666 845 menius,
694 763 766 826 aute
793 763 922 846 tempus
956 780 1015 827 uos
1043 781 1063 828 a
1088 762 1196 829 tritico
1228 760 1411 847 separastis.
1510 797 1513 800 ·

263 864 397 932 maiores
426 853 509 931 einim
539 868 649 945 uestri,
682 868 713 932 iu
742 885 876 951 quorum
904 868 1059 955 sacmlega
1086 867 1281 955 praecisione
1307 885 1411 950 perse·

224 994 243 1034 a
263 972 394 1054 uerutis,
418 973 548 1057 quidam
567 975 668 1059 gestis
687 974 934 1060 municipalibus
954 976 1080 1042 codices
1099 980 1227 1042 sanctos
1246 979 1280 1042 et
1296 976 1412 1041 instra

264 1083 372 1146 menta
391 1071 547 1147 ecelesiae
569 1081 826 1164 persecutoribus
850 1081 1059 1162 tradiderunt,
1083 1083 1211 1166 quidam
1234 1102 1289 1150 eos
1313 1083 1412 1147 taten-

262 1191 314 1252 tes
346 1187 537 1253 dimiserunt
569 1192 601 1253 et
633 1187 678 1254 eis
711 1189 1030 1256 communicauerunt
1060 1192 1108 1255 et<
1123 1190 1252 1274 utrique
1286 1187 1413 1284 Cartha

263 1296 370 1380 giuem
394 1295 515 1361 furiosa
537 1294 674 1360 factione
697 1298 924 1374 conuenerunt,
948 1295 987 1362 de
1011 1296 1140 1363 crimine
1163 1295 1355 1373 traditionis,
1373 1294 1412 1359 de

263 1420 327 1484 quo
350 1402 421 1486 ipsi
453 1402 537 1466 inter
568 1402 694 1467 seiam
722 1405 955 1480 consenserant,
983 1402 1144 1470 inauditos
1173 1403 1412 1480 damnauerunt,

208 1527 244 1567 ro
264 1507 450 1591 episcopum
474 1511 582 1574 contra
606 1509 792 1593 episcopum
816 1509 1051 1590 ordinauerunt,
1069 1510 1168 1578 altare
1187 1513 1297 1594 contra
1314 1509 1413 1574 altare

262 1617 439 1684 erexerunt.
465 1618 584 1698 ‚postea
614 1614 739 1680 litteras
772 1614 812 1680 ad
844 1614 1065 1700 imperatorem
1094 1614 1361 1692 constamiuum„
1376 1618 1414 1679 ut

263 1719 347 1784 iuter
377 1720 472 1786 Atros
504 1720 645 1806 episcopi
677 1721 880 1786 transmarini
911 1721 1097 1802 iudicarent,
1128 1721 1297 1796 miserunt:
1330 1720 1413 1786 datis

262 1823 435 1902 iudicibus,
472 1845 553 1910 quos
589 1828 843 1909 postulauerunt,
880 1829 914 1892 et
943 1827 1063 1894 Romae
1097 1826 1316 1893 iudicantibus
1346 1845 1412 1902 ¹non

264 1931 576 2013 obtemperaremus
601 1931 767 2016 episcopos
790 1931 874 2016 apud
897 1932 1131 2017 imperatorem,
1149 1937 1313 2016 tamquam
1332 1930 1413 1996 mule

212 2057 244 2099 ιε
263 2035 485 2118 iudicauerint,
509 2043 696 2123 argueruut3
721 2037 759 2104 ab
784 2038 857 2103 aliis
878 2058 990 2106 rursus
1013 2038 1172 2125 episeopis
1190 2039 1231 2106 ad
1249 2037 1412 2104 Arelatem

264 2143 373 2209 missis
401 2142 576 2227 adipsum
602 2144 827 2228 imperatorem
854 2144 1109 2228 appellaueruut;
1142 2145 1181 2210 ab
1203 2145 1280 2228 'ipso
1313 2143 1413 2209 auditi
1485 2139 1488 2142 ’

264 2251 299 2313 ει
333 2249 575 2317 calumniatores
612 2250 735 2316 inuenti
771 2251 803 2316 iu
846 2250 958 2318 eodem
1000 2254 1119 2328 scelere
1159 2253 1410 2337 permanserunt.

264 2352 417 2440 suigilate
440 2354 480 2420 ad
503 2355 652 2433 salutem,
676 2358 780 2421 amate
803 2374 925 2438 pacem,
948 2356 1051 2425 redite
1074 2357 1113 2423 ad
1135 2357 1302 2423 unitatem.
1334 2355 1412 2421 haec

263 2460 369 2539 uobis,
405 2478 499 2543 quem
538 2459 577 2525 ad
613 2459 744 2525 modum
778 2462 870 2545 gesta
902 2461 976 2540 siut,
1010 2462 1134 2545 qnando
1167 2462 1281 2541 uultis,
1309 2461 1414 2525 omnia

208 2589 243 2629 ao
263 2565 446 2632 recitamus.
775 2628 777 2631 .
939 2651 942 2660 “

145 2668 176 2732 3
308 2671 367 2738 lile
394 2673 610 2738 communicat
636 2673 740 2750 malis,
769 2674 824 2759 qui
853 2674 1014 2741 consentit
1039 2675 1133 2742 lactis
1160 2675 1328 2746 malorum,
1352 2694 1411 2739 non

262 2777 319 2861 qui
346 2778 463 2845 tolerat
490 2780 522 2844 in
551 2798 626 2863 agro
655 2779 813 2846 dominico
842 2781 962 2846 zizania
988 2800 1091 2865 usque
1118 2781 1159 2848 ad
1189 2800 1328 2848 messem
1360 2781 1413 2846 uel

261 2884 385 2968 paleam
420 2904 523 2968 unque
556 2886 595 2950 ad
627 2886 775 2951 ultimam
807 2888 1060 2954 uendlatienem.
1093 2889 1121 2954 si
1153 2887 1255 2954 malos
1288 2886 1412 2964 odistis,

260 2992 406 3076 nosipsi
430 2993 599 3058 mutamini
622 2993 660 3058 ab
684 2995 804 3059 scelere
827 2993 1025 3072 schismatis;
1051 2994 1079 3061 si
1101 2995 1259 3060 malorum
1280 2993 1412 3078 permix-

205 3125 239 3165 ιε
261 3097 381 3163 tionem
404 3098 572 3176 timeretis,
598 3097 750 3183 Optatnm
774 3099 857 3164 inter
878 3117 937 3165 uos
961 3100 993 3164 iu
1016 3099 1218 3183 apertissima
1244 3099 1413 3183 iniquitate

174 3281 178 3290 ¹
260 3204 426 3272 uiuentem
448 3224 504 3288 per
527 3208 577 3271 tot
599 3223 696 3271 annos
720 3224 782 3271 non
806 3206 967 3272 teneretis.
993 3225 1087 3290 quem
1116 3225 1189 3273 cum
1213 3201 1309 3271 modo
1331 3222 1411 3270 mar·

259 3313 364 3394 tyram
391 3311 510 3389 dicitis,
539 3316 694 3395 superest,
722 3316 759 3377 ut
787 3331 871 3390 eum,
899 3316 1150 3397 propterquam
1176 3315 1324 3378 mortuus
1352 3314 1411 3387 est,

162 3451 165 3454 ·
261 3414 425 3483 Christum
455 3417 581 3484 (ficetis.
614 3424 774 3503 postremo
804 3418 881 3502 quid
908 3438 968 3485 uos
996 3419 1127 3485 offendit
1149 3418 1236 3485 orbis
1260 3417 1412 3485 Christia-

299 3731 310 3782 1
332 3734 396 3784 sunt
412 3731 549 3801 principes
567 3731 802 3787 circuncelliones
821 3730 850 3786 R
911 3731 1124 3787 ceruicellionum
1143 3731 1199 3786 Fa
1219 3730 1411 3792 cercilliouum.

258 3831 330 3871 corr.
353 3818 538 3874 circellionum
556 3818 594 3874 Μ
613 3818 797 3874 circellionum
816 3818 845 3872 P
932 3820 1106 3875 2aecu⁸atis
1123 3819 1152 3875 R
1243 3819 1319 3882 estis,
1341 3834 1411 3873 corr,

258 3906 372 3976 (rastil
390 3925 450 3964 esse
469 3908 531 3974 Μ,
586 3909 778 3964 demonstretis
797 3908 825 3963 R
897 3911 976 3964 een
993 3927 1045 3965 oss.
1063 3909 1102 3964 Μ
1169 3907 1412 3981 ⁴iperseueranntis

258 4001 269 4052 ι
273 4011 368 4063 parua
380 4005 450 4064 roa.)
464 3996 495 4052 F
509 4000 705 4070 persecet-atis
721 3999 748 4052 P
800 3999 815 4049 7
837 3998 1003 4053 demiserunt
1021 3997 1052 4054 F
1102 3999 1119 4053 8
1137 3999 1171 4054 da
1190 3999 1302 4053 crimine
1322 3998 1411 4051 autem

258 4083 415 4141 traditionis
430 4089 462 4164 ‚¹³
527 4089 560 4140 13
580 4087 787 4158 postulauerunt
804 4085 832 4141 R
902 4089 935 4142 16
954 4088 1057 4154 audite,
1074 4091 1138 4141 ιιι
1156 4086 1245 4142 auditi
1263 4085 1300 4140 Μ
1317 4083 1412 4144 audiri.

257 4190 329 4229 corr.
346 4180 407 4230 sal
426 4173 515 4231 auditi
532 4176 560 4230 P
622 4177 654 4230 21
676 4176 755 4229 malie
774 4192 825 4230 oar,
847 4176 873 4229 P
937 4178 973 4232 24
991 4161 1208 4232 commixtionem
1227 4174 1256 4230 R
1310 4175 1345 4228 25
1364 4188 1411 4243 op·

253 4266 347 4317 tatum
367 4277 422 4332 (um
442 4280 475 4319 ea
493 4281 562 4319 corr.
582 4282 616 4320 ιε,
627 4271 652 4332 1)
671 4266 699 4318 Ρ
746 4266 781 4320 26
800 4282 855 4319 nou
873 4283 923 4337 per
940 4269 985 4321 tot
1001 4282 1086 4320 annos
1104 4264 1132 4320 R
1186 4261 1373 4320 sedicione
1404 4335 1410 4353 Ι
