3309 4867
248 308 314 375 472
612 310 638 365 S.
668 309 805 363 Aureli
833 308 1053 379 Augustini

249 502 450 579 desertae,
490 502 622 587 magis
661 522 776 585 quam
816 503 916 584 eius,
961 520 1061 586 quae
1098 503 1224 569 habet
1261 504 1404 581 uirum,

249 626 446 692 praeponens
461 607 701 674 multitidinem
718 606 973 675 Christianorum
987 608 1190 676 multitudini
1203 609 1405 688 Iudaeorum,
1432 638 1437 651 ·

228 715 278 780 ¹oi
304 708 428 781 Christi
459 714 596 780 ccclesia
625 719 674 781 est
706 715 853 799 paucitas
880 720 1024 782 uestra‘?
1055 715 1168 783 hocine
1195 717 1261 785 illis
1289 716 1406 784 dicturi

200 818 203 823 ’
250 815 343 887 estis:
381 822 467 887 ‘Ideo
505 822 610 905 magis
647 819 726 887 iusti
764 841 890 901 sumus,
927 814 1003 906 quia
1036 823 1132 906 pauci
1170 831 1304 903 sumus‘,
1345 843 1405 890 nec

249 926 424 993 adtenditis
454 947 509 994 eos
538 946 762 1012 responsuros:
791 925 975 1008 ,duotlioet
1001 948 1060 995 uos
1090 948 1160 1005 esse
1188 930 1314 1009 dicetis,
1341 950 1404 996 nou
1440 958 1453 997 s
1507 980 1510 983 -

249 1038 355 1108 tomen
371 1035 450 1100 estis
465 1033 524 1114 illi,
543 1033 715 1118 dequibus
731 1033 854 1101 dictum
870 1038 934 1101 est:
954 1035 1077 1101 Multi
1096 1035 1184 1100 filii
1203 1036 1404 1103 desertae.

250 1141 280 1207 si
300 1144 367 1207 tarn
391 1141 498 1231 exigui
521 1159 651 1206 numero
674 1141 909 1208 remansistis?

182 1255 223 1319 27
293 1247 356 1314 Hic
388 1251 424 1313 tu
453 1247 660 1332 oppositurus
694 1267 729 1313 es
762 1251 942 1332 exemplum
975 1249 1054 1315 iusti
1084 1249 1174 1315 illins
1205 1250 1243 1315 in>
1270 1248 1404 1325 diluuio,

194 1398 221 1430 μ
250 1357 403 1438 quicum
427 1355 521 1420 domo
546 1373 609 1419 sna
629 1353 718 1420 solus
741 1354 871 1423 liberari
894 1355 1011 1440 diguus
1040 1356 1193 1422 inuentus
1217 1359 1276 1422 est
1313 1356 1405 1421 uides

250 1478 336 1546 ergo,
370 1461 474 1527 adhuc
506 1478 603 1544 quam
635 1460 730 1547 longe
763 1461 808 1527 sis
842 1479 862 1527 a
892 1462 1039 1536 iustitia?
1071 1482 1203 1545 prorsus
1236 1462 1334 1529 donec
1360 1462 1406 1528 ad
1426 1489 1455 1530 no

249 1572 373 1651 septem
396 1584 570 1646 remaneas,
595 1567 712 1655 quibus
737 1570 773 1632 tu
795 1554 843 1634 'sis
868 1572 1014 1646 ortanus,
1038 1569 1166 1635 'iustum
1193 1574 1227 1635 to
1251 1588 1404 1635 essenon

249 1674 396 1751 dicimus,
417 1674 445 1739 si
460 1678 567 1739 tamen
583 1693 642 1738 uon
658 1673 755 1740 istam
769 1675 940 1752 iustitiam,
955 1675 1042 1741 sieut
1055 1675 1211 1754 dicebam,
1231 1676 1406 1759 praeripuit

249 1780 367 1863 aliquis
391 1784 464 1845 ante
492 1784 618 1866 partem
639 1780 757 1847 Donati
781 1786 911 1847 etcum
940 1782 1008 1847 auis
1036 1784 1162 1866 septem
1182 1782 1275 1867 iusta
1297 1782 1405 1864 aliqua

249 1907 347 1956 causa
370 1891 552 1955 commotus
568 1896 615 1975 'sa
643 1887 756 1973 longe(
767 1888 844 1954 alibi
873 1889 1034 1971 separauit
1063 1892 1096 1954 et
1123 1908 1142 1952 a
1168 1888 1280 1954 mundi
1307 1889 1404 1959 buius

250 1994 372 2060 diluuio
395 1993 556 2059 liberauit
582 1994 666 2077 quod
689 2013 764 2060 oum
787 1995 946 2079 ignoretis
969 2014 1008 2060 an
1032 1996 1152 2061 lactum
1175 1994 1221 2063 sit
1242 1997 1337 2077 atque
1359 1995 1407 2059 ita
1427 2019 1454 2069 ra

251 2100 343 2167 uobis
384 2099 578 2165 inauditum.
625 2101 711 2165 sicut
750 2102 864 2167 multis
908 2101 1038 2187 populis
1079 2100 1332 2167 Christianorum
1372 2100 1407 2166 iu

249 2206 432 2292 longinquis
464 2208 560 2272 terris
589 2207 839 2273 constitutorum
863 2222 976 2275 nomen
1000 2205 1118 2273 Donati
1141 2206 1321 2273 inauditum
1345 2212 1406 2283 est,

248 2314 360 2384 incerti
393 2313 483 2388 estis,
516 2310 573 2379 ubi
607 2312 651 2378 sit
682 2313 839 2382 ecclesia,
870 2313 916 2381 ibi
948 2313 1032 2379 anim
1065 2313 1135 2393 erit,
1173 2313 1228 2378 ubi
1264 2314 1404 2396 primum

249 2420 379 2486 forsitan
408 2420 615 2497 factumest,
644 2418 729 2503 quod
756 2423 870 2503 postea
892 2439 952 2485 nou
975 2419 1111 2499 fecistis,
1142 2421 1169 2484 si
1197 2420 1305 2503 potuit
1333 2437 1404 2485 esse

246 2527 316 2592 ulla
347 2528 438 2610 iusta,
462 2546 570 2607 causa,
603 2546 666 2610 qua
696 2546 756 2595 uos
785 2548 804 2595 a
837 2527 1059 2594 commuuione
1088 2526 1229 2597 omnium
1261 2527 1454 2611 gentiumne

249 2653 395 2718 separare
417 2632 569 2718 possetis.
1312 2708 1314 2717 Ι

116 2749 159 2814 lX
177 2736 225 2813 28
293 2741 361 2806 Nos
391 2743 500 2806 eutem
529 2740 602 2806 ideo
631 2741 709 2805 certi
738 2759 852 2807 sumus
880 2740 1040 2813 neminem
1073 2759 1107 2806 se
1135 2760 1153 2805 a
1182 2741 1404 2807 communione

232 2846 392 2912 'omnium
422 2847 568 2930 gentium
595 2846 681 2931 insto
709 2865 856 2937 separare
888 2847 1045 2932 potuisse,
1078 2848 1154 2931 qnia
1180 2865 1242 2913 non
1268 2848 1404 2931 quisque

120 3037 122 3042 Ι
239 2955 394 3019 nostium
430 2953 480 3018 in
501 2971 561 3019 suc
596 2952 722 3019 iustitia
759 2952 816 3018 sed
853 2954 885 3019 in
925 2953 1093 3039 scripturis
1126 2937 1244 3020 diuinis
1280 2953 1406 3037 quaerit

249 3059 416 3124 ecelesiam
441 3062 483 3137 et,
508 3063 545 3125 ut
567 3058 725 3143 promissa
747 3064 807 3141 est,
831 3060 921 3127 reddi
944 3060 1112 3143 conspicit.
1153 3062 1298 3148 ipsaest
1320 3061 1402 3126 enim
1423 3082 1458 3124 rc

597 3155 599 3159 ·
1512 3156 1524 3201 r

241 3296 262 3331 1
339 3284 356 3338 8
376 3285 442 3338 Gen.
463 3284 488 3347 7,
510 3285 597 3340 1-23

286 3408 304 3462 3
321 3405 434 3462 hoccine
454 3404 562 3462 CNRL
579 3406 641 3461 edd.
659 3407 711 3461 hoc
730 3424 764 3461 ne
783 3409 811 3462 A
828 3407 935 3471 hecino,
953 3409 1019 3461 Μ
1036 3406 1147 3461 heccine
1165 3406 1194 3461 P
1282 3408 1299 3462 5
1319 3407 1404 3478 quod-

249 3495 327 3560 libet,
346 3498 413 3559 m.2
432 3496 572 3565 quotlibet
588 3496 653 3551 MP
668 3495 812 3566 quodlibet
831 3494 1022 3563 AONRacs
1098 3511 1148 3549 uos
1166 3511 1218 3550 om.
1237 3495 1265 3550 A
1336 3499 1403 3567 non]

250 3600 300 3638 nco
318 3584 346 3638 P
435 3584 615 3655 'lexiguoL
705 3585 953 3658 BpositurnsA'
1013 3583 1091 3638 illius
1106 3583 1173 3659 iusti
1190 3582 1229 3637 Μ
1311 3585 1404 3654 quiin

250 3672 354 3729 diluuio
372 3673 401 3729 R
503 3675 536 3730 10
555 3689 636 3743 quem
654 3674 737 3744 longe
756 3673 846 3728 adbuc
864 3674 903 3728 sis
921 3673 949 3729 R
968 3688 1050 3742 quam
1069 3672 1151 3742 longa
1171 3672 1209 3726 sis
1228 3671 1316 3731 adbuc
1335 3674 1405 3728 lrrn

286 3780 425 3818 remaneas
444 3764 478 3818 ad
498 3769 602 3835 septem
620 3765 648 3819 R
721 3764 768 3834 sd]
789 3762 851 3818 κί’
918 3764 949 3836 ll
970 3761 1111 3816 redeas-L
1185 3761 1403 3831 muronicam]

177 3875 185 3885 ·
250 3853 332 3907 istam
350 3851 378 3906 L
395 3851 465 3907 hone
482 3851 512 3908 R
567 3864 569 3869 ·
629 3851 783 3908 didicebaru
802 3853 830 3919 Δ
848 3852 904 3906 dixi
922 3851 951 3907 R
1042 3848 1234 3921 ¹praeripuit]
1254 3866 1308 3903 non
1326 3866 1404 3920 prae·

250 3942 335 4009 ripuit
353 3940 380 3995 L
397 3946 586 4011 prerumperet
604 3941 632 3997 R
696 3942 730 3997 16
750 3940 829 3995 nobis
848 3942 876 3995 A
940 3940 974 3995 17
992 3939 1084 4009 longis
1101 3937 1136 3993 N
1190 3938 1230 3994 .18
1249 3938 1321 3993 enirn
1340 3938 1405 4009 erit]

251 4018 294 4084 est
312 4029 383 4083 enim
401 4030 437 4083 N
526 4031 564 4085 19·
578 4029 793 4093 tonsittn,‚m,2
811 4027 973 4083 comitano
999 4064 1002 4069 ·
1042 4028 1077 4081 22
1096 4026 1164 4082 certi
1183 4042 1276 4089 sumus
1294 4026 1357 4081 ideo
1374 4026 1404 4083 R

285 4118 347 4172 ideo
366 4118 464 4173 om.L
532 4119 567 4173 23
587 4124 728 4188 ‘separasse
747 4119 775 4174 L
847 4117 971 4187 quisquis
990 4115 1018 4170 L
1088 4113 1124 4169 24
1142 4114 1170 4169 in
1191 4131 1242 4168 om.
1260 4114 1289 4170 R
1361 4115 1403 4168 in·

251 4207 328 4262 stitia
346 4221 396 4260 sna
414 4206 441 4259 L
459 4202 520 4262 cdd.
581 4208 616 4261 25
635 4207 769 4277 promisso
786 4204 865 4260 reddi
884 4206 947 4274 (om.
967 4206 1029 4271 eut),
1046 4206 1114 4259 Μ
1131 4203 1265 4273 promissi
1282 4201 1359 4257 reddi
1379 4202 1408 4256 P
