3309 4867
271 220 291 282 2
621 214 648 273 S.
677 216 812 271 Aureli
844 219 1063 289 Augustini
1456 20 1653 452 Ὶ

270 412 453 495 optauimus
474 412 676 496 maximeque
698 412 874 488 noluimus,
899 413 963 478 oito
988 414 1027 477 od
1051 417 1189 478 uestram
1219 415 1421 484 sanctitatem

270 523 396 585 nostrae
419 518 545 584 litterae
570 526 797 603 permeassent.
821 540 906 585 nunc
925 541 1002 587 uero
1022 525 1054 585 et
1072 521 1150 586 baec
1169 522 1285 587 babere
1303 523 1421 606 scripta

269 631 303 692 et
326 625 382 690 illa
405 643 530 708 sperare
554 625 709 708 rescripta
732 626 849 711 gaudio
875 627 1085 691 cumulatiore
1114 626 1261 692 delectat.
1295 628 1341 692 ita
1364 638 1421 693 nec

269 736 379 799 nostra
410 732 506 814 culpa
537 733 680 797 accusari
716 737 826 816 potest
862 739 895 799 et
931 733 1050 799 domini
1085 734 1204 817 largior
1240 734 1421 818 benignitas

269 840 356 916 feeit,
382 838 467 922 quod
490 842 599 904 nostro
623 839 779 905 desiderio
805 840 1039 911 conducibilius
1063 860 1135 905 esse
1159 840 1326 905 iudicauit.
1456 864 1470 903 s

225 946 245 1007 2
316 945 451 1013 Sanctae
487 946 602 1010 iratres
639 946 816 1012 Romanum
860 953 891 1012 et
931 948 1071 1031 Agilem‚
1113 947 1208 1012 aliam
1250 947 1421 1031 epistulam

268 1056 410 1119 uestram
444 1052 625 1118 audientem
659 1067 755 1118 uoces
789 1058 886 1137 atque
917 1054 1101 1118 reddentem
1135 1057 1167 1118 et
1194 1055 1421 1119 saepissimam

256 1163 390 1242 partem
405 1162 539 1224 uestrae
563 1159 769 1242 praesentiae,
794 1159 851 1225 sed
871 1179 934 1243 qua
952 1160 1045 1224 uobis
1064 1158 1206 1224 uisendis
1226 1159 1420 1225 inhiaremus

269 1265 407 1343 auidius,
431 1284 504 1332 cum
527 1284 644 1349 magna
666 1264 697 1329 iu
722 1265 850 1332 domino
874 1266 1072 1332 iucunditate
1096 1266 1310 1350 suscepimus.
1336 1266 1421 1332 unde

269 1376 326 1438 aut
354 1372 477 1456 quando
505 1377 562 1438 aut
588 1391 651 1454 quo
679 1372 773 1437 modo
801 1374 854 1437 uel
884 1393 942 1437 cros
971 1379 1131 1455 praestare
1155 1373 1207 1437 uel
1232 1392 1290 1444 nos
1312 1391 1420 1457 posse·
1440 1398 1467 1436 ro

269 1499 342 1545 mus
365 1479 500 1569 exigere,
520 1484 557 1542 nt
577 1498 633 1545 nos
653 1478 803 1544 danobis
823 1481 913 1544 tanta
930 1479 1096 1545 scribendo
1117 1479 1285 1554 doceretis,
1304 1484 1422 1561 quanta

268 1606 378 1651 eornm
402 1605 454 1657 ore
478 1583 672 1650 didicimus?
696 1586 805 1651 aderat
827 1585 934 1662 etiarn,
959 1586 1044 1670 quod
1062 1585 1143 1674 nulli
1162 1587 1290 1651 chartae
1309 1585 1419 1650 adesse

268 1695 385 1777 potest,
409 1688 597 1757 tantum'in'
619 1691 820 1757 narrantibus
850 1692 1013 1777 gaudium,
1042 1697 1080 1757 ut
1106 1711 1161 1776 per
1188 1692 1295 1775 ipsum
1320 1681 1419 1757 ‘eriam

269 1799 397 1863 rudtum
420 1797 596 1880 oculosque
619 1800 818 1880 loquentium
843 1818 901 1865 uos
925 1800 956 1864 in
981 1798 1130 1864 cordibus
1155 1817 1264 1864 sorum
1284 1799 1419 1882 scriptos

268 1925 342 1970 cum
365 1904 517 1970 ineffabili
546 1906 672 1970 laetitia
698 1906 887 1989 legeremus.
922 1905 982 1972 hoc
1014 1921 1139 1989 qnoque
1171 1904 1310 1989 amplius
1342 1909 1420 1980 erat,
1440 1928 1484 1998 aad

268 2011 354 2097 qnod
375 2012 489 2095 pagina
513 2003 685 2093 quaelibet,
710 2014 965 2095 quantacumque
992 2013 1075 2076 bona
1101 2011 1222 2095 scripta
1249 2011 1419 2082 contineat.

268 2118 347 2184 nihil
370 2117 441 2200 ipsa
463 2117 599 2200 prolicit,
624 2117 772 2199 quamuis
800 2116 839 2182 ad
868 2118 1046 2199 profectum
1070 2119 1246 2202 explicetur
1269 2118 1418 2192 aliorum;

268 2225 348 2290 lianc
380 2227 487 2288 autem
520 2206 692 2305 epistulam
725 2226 877 2301 uestram,
910 2222 1081 2288 fraternam
1114 2222 1239 2291 scilicet
1271 2223 1418 2300 animam,

268 2332 315 2396 sic
338 2331 370 2395 iu
394 2349 502 2395 eorum
527 2330 697 2413 conloquio
720 2321 919 2413 legebamus,
943 2332 981 2394 ut
1004 2334 1091 2395 tanto
1116 2314 1238 2394 beatior
1257 2333 1421 2414 appareret

269 2437 371 2514 nobis,
396 2440 514 2519 quanto
539 2435 670 2501 uberius
694 2437 874 2520 conscripta
897 2440 985 2502 esset
1007 2455 1044 2501 ex
1067 2435 1170 2501 uobis.
1200 2437 1308 2536 itaque
1331 2435 1419 2502 illam
1439 2457 1467 2497 ao

269 2543 309 2608 ad
346 2542 488 2607 eiusdem
526 2542 690 2608 beatitatis
726 2543 938 2608 imitationem
976 2540 1214 2610 studiosissime
1251 2542 1289 2606 de
1326 2543 1420 2609 nobis

269 2650 375 2716 omnia
398 2649 611 2733 percontando
634 2649 665 2714 in
690 2652 798 2714 nostra
821 2649 917 2714 corda
934 2649 1204 2734 transcripsimus.

225 2763 246 2826 3
314 2755 381 2821 Nec
413 2754 484 2820 ideo
513 2759 618 2820 tamen
649 2774 702 2820 eos
731 2759 796 2819 tam
824 2755 888 2820 cito
913 2755 1046 2822 anobis
1072 2757 1150 2822 licet
1177 2754 1216 2818 ad
1234 2774 1299 2820 uos
1322 2774 1417 2820 remc-

1108 2849 1129 2892 υ
1308 2875 1311 2882 ,

309 2955 501 3033 lmurirnqne',
517 2965 583 3016 rat
600 2963 770 3031 maximeque
783 2961 821 3015 Ρι
839 2962 956 3020 inarime
975 2961 1084 3033 quaeG
1136 2961 1303 3016 uolumusO
1355 2969 1420 3015 ante

270 3055 325 3108 cito
344 3057 409 3106 md
426 3068 447 3106 a.
466 3069 493 3106 a.
514 3052 537 3105 si
556 3050 588 3104 Κ
650 3051 667 3105 2
686 3049 796 3105 nostrae
814 3050 926 3130 litterae
944 3067 1006 3118 om„
1024 3053 1090 3104 aa
1109 3050 1175 3104 odd.
1194 3049 1228 3103 K
1293 3050 1419 3119 dreape·

268 3142 430 3210 rareP(1·e
451 3141 564 3207 celsa*
631 3139 735 3210 scripta
751 3137 780 3194 It
848 3139 965 3208 gaudeo,
984 3143 1050 3194 Μ
1067 3138 1168 3210 gaudio
1186 3138 1225 3192 Μ
1290 3138 1418 3193 cumulati

270 3248 316 3285 ore
334 3231 365 3286 Ε
386 3230 557 3284 cumulatiori
579 3228 602 3282 0
623 3228 736 3283 consulti
761 3228 917 3298 (m.2cn1n
941 3227 1004 3292 ulti)
1029 3244 1074 3282 ore
1094 3225 1126 3281 Μ
1149 3244 1209 3282 curn
1229 3222 1310 3280 mariti
1329 3244 1374 3280 ore
1393 3231 1418 3281 Α

270 3324 287 3375 5
307 3317 517 3375 conductibilins
536 3317 569 3371 K
640 3318 655 3371 7
675 3316 831 3371 audientem
851 3332 932 3371 uoces
951 3321 1033 3386 atque
1051 3314 1220 3378 reddentem.
1240 3319 1306 3372 Μ
1322 3316 1336 3368 l
1354 3315 1419 3369 ade·

269 3412 361 3463 reum
381 3423 514 3478 uocesque
532 3405 679 3461 reddentes
698 3404 733 3458 Μ
821 3406 1037 3476 repraesentas,
1055 3411 1129 3473 port.
1148 3421 1180 3458 ae
1204 3403 1279 3458 laeso
1297 3403 1421 3471 scarpim

265 3497 409 3566 perditum
426 3494 453 3550 P
533 3492 582 3547 sed
600 3508 652 3548 orn.
674 3489 732 3546 ΟΡι
753 3491 812 3546 edd.
828 3498 977 3562 praedm
1062 3492 1126 3560 quia
1145 3489 1209 3570 ,ΕΡί
1297 3490 1374 3544 nobis
1392 3493 1420 3546 R

306 3584 431 3648 uisentis,
449 3586 516 3637 Μ
533 3581 655 3636 sinendis
669 3582 696 3636 A
750 3581 917 3635 inilraremus
931 3581 962 3635 E
1013 3580 1030 3633 9
1054 3578 1172 3649 auidius]
1191 3597 1207 3632 a
1224 3577 1310 3648 (pared
1327 3595 1419 3648 sepau·

271 3675 356 3729 batur·
374 3673 449 3727 laeso
467 3673 593 3741 morpr‘ne
606 3670 757 3742 perditum)
769 3669 773 3738 Ι
786 3668 845 3722 dini
862 3669 890 3722 P
907 3667 1000 3722 andini
1019 3667 1049 3721 la
1112 3667 1420 3737 magna-iucunditate

271 3762 347 3817 laeso
365 3763 489 3832 margine
502 3758 686 3828 perditumP
766 3757 964 3811 iocunditatem
984 3757 1015 3811 E
1092 3754 1164 3809 unde
1183 3759 1246 3809 ante
1266 3755 1420 3826 quandoid

272 3852 306 3906 10
325 3848 523 3921 presentareR
576 3847 638 3917 nos]
657 3846 752 3900 nond
810 3847 840 3899 ll
862 3846 958 3909 eriere,
978 3843 1308 3915 corr.m.1e1igerell1
1359 3845 1420 3912 nost

269 3941 353 3995 baed
370 3938 480 4008 apra
586 3935 737 4008 scribenda,
754 3939 951 4006 superarint
969 3933 1118 3989 dauon
1206 3933 1239 3988 13
1258 3931 1419 4010 perorant

274 4031 306 4084 15
325 4028 428 4082 effabili
447 4025 536 4081 ΑΟΡι
556 4029 633 4092 (Μ
650 4024 794 4091 ineffabili)
862 4026 893 4078 16
913 4027 1059 4078 conteneat
1076 4023 1104 4077 P
1165 4024 1200 4077 22
1220 4020 1419 4093 percunctando

270 4118 362 4174 ΜΔΕ
379 4116 440 4170 edd.
514 4116 541 4168 iu
560 4119 654 4172 nostro
674 4113 753 4168 corde
771 4112 828 4166 PE
880 4113 915 4166 23
934 4129 951 4166 a
969 4111 1048 4166 uobis
1067 4114 1093 4165 A
