<?xml version="1.0" encoding="UTF-8"?>
<!DOCTYPE html PUBLIC "-//W3C//DTD XHTML 1.0 Transitional//EN"
    "http://www.w3.org/TR/xhtml1/DTD/xhtml1-transitional.dtd">
<html xmlns="http://www.w3.org/1999/xhtml" xml:lang="en" lang="en">
 <head>
  <title>
</title>
<meta http-equiv="Content-Type" content="text/html;charset=utf-8" />
  <meta name='ocr-system' content='tesseract 3.04.00' />
  <meta name='ocr-capabilities' content='ocr_page ocr_carea ocr_par ocr_line ocrx_word'/>
</head>
<body>
  <div class='ocr_page' id='page_1' title='image "./savreliavgvstin00goldgoog_0480.png"; bbox 0 0 3309 4867; ppageno 0'>
   <div class='ocr_carea' id='block_1_1' title="bbox 262 457 1054 528">
    <p class='ocr_par' dir='ltr' id='par_1_1' title="bbox 262 457 1054 528">
     <span class='ocr_line' id='line_1_1' title="bbox 262 457 1054 528; baseline -0.013 -7"><span class='ocrx_word' id='word_1_1' title='bbox 262 462 327 528; x_wconf 81' lang='grc'>458</span> <span class='ocrx_word' id='word_1_2' title='bbox 613 460 640 515; x_wconf 82' lang='lat' dir='ltr'>S.</span> <span class='ocrx_word' id='word_1_3' title='bbox 669 457 805 513; x_wconf 72' lang='lat' dir='ltr'>turcii</span> <span class='ocrx_word' id='word_1_4' title='bbox 834 458 1054 527; x_wconf 74' lang='lat' dir='ltr'><strong>Augustini</strong></span> 
     </span>
    </p>
   </div>
   <div class='ocr_carea' id='block_1_2' title="bbox 212 651 1482 3293">
    <p class='ocr_par' dir='ltr' id='par_1_2' title="bbox 256 651 1465 1570">
     <span class='ocr_line' id='line_1_2' title="bbox 256 651 1417 738; baseline 0 -20"><span class='ocrx_word' id='word_1_5' title='bbox 256 653 450 720; x_wconf 82' lang='lat' dir='ltr'>conuiuccra</span> <span class='ocrx_word' id='word_1_6' title='bbox 474 651 661 733; x_wconf 75' lang='lat' dir='ltr'>debuerunt,</span> <span class='ocrx_word' id='word_1_7' title='bbox 685 651 754 736; x_wconf 84' lang='lat' dir='ltr'>ipso</span> <span class='ocrx_word' id='word_1_8' title='bbox 774 652 963 735; x_wconf 79' lang='lat' dir='ltr'>imperatore</span> <span class='ocrx_word' id='word_1_9' title='bbox 981 652 1076 736; x_wconf 78' lang='lat' dir='ltr'>longo</span> <span class='ocrx_word' id='word_1_10' title='bbox 1096 651 1271 727; x_wconf 79' lang='lat' dir='ltr'>ordinatius</span> <span class='ocrx_word' id='word_1_11' title='bbox 1290 657 1417 738; x_wconf 80' lang='lat' dir='ltr'>agents,</span> 
     </span>
     <span class='ocr_line' id='line_1_3' title="bbox 262 756 1415 843; baseline 0 -20"><span class='ocrx_word' id='word_1_12' title='bbox 262 763 299 823; x_wconf 91' lang='lat' dir='ltr'>ut</span> <span class='ocrx_word' id='word_1_13' title='bbox 322 759 541 843; x_wconf 84' lang='lat' dir='ltr'>opiscoporum</span> <span class='ocrx_word' id='word_1_14' title='bbox 565 770 693 823; x_wconf 81' lang='lat' dir='ltr'>causam</span> <span class='ocrx_word' id='word_1_15' title='bbox 717 757 757 822; x_wconf 84' lang='lat' dir='ltr'>ad</span> <span class='ocrx_word' id='word_1_16' title='bbox 782 777 816 824; x_wconf 86' lang='lat' dir='ltr'>ac</span> <span class='ocrx_word' id='word_1_17' title='bbox 841 756 977 824; x_wconf 84' lang='lat' dir='ltr'>dolatum</span> <span class='ocrx_word' id='word_1_18' title='bbox 1008 758 1047 823; x_wconf 88' lang='lat' dir='ltr'>ad</span> <span class='ocrx_word' id='word_1_19' title='bbox 1071 758 1238 842; x_wconf 73' lang='lat' dir='ltr'>episcopos</span> <span class='ocrx_word' id='word_1_20' title='bbox 1263 759 1415 835; x_wconf 77' lang='lat' dir='ltr'>mittomt.</span> 
     </span>
     <span class='ocr_line' id='line_1_4' title="bbox 261 863 1415 948; baseline -0.001 -18"><span class='ocrx_word' id='word_1_21' title='bbox 261 865 422 932; x_wconf 86' lang='lat' dir='ltr'>nocuisti</span> <span class='ocrx_word' id='word_1_22' title='bbox 449 882 561 948; x_wconf 82' lang='lat' dir='ltr'>pacem</span> <span class='ocrx_word' id='word_1_23' title='bbox 592 882 665 929; x_wconf 92' lang='lat' dir='ltr'>cum</span> <span class='ocrx_word' id='word_1_24' title='bbox 688 863 839 930; x_wconf 86' lang='lat' dir='ltr'>iratribus</span> <span class='ocrx_word' id='word_1_25' title='bbox 862 864 978 930; x_wconf 82' lang='lat' dir='ltr'>habero</span> <span class='ocrx_word' id='word_1_26' title='bbox 1007 866 1191 943; x_wconf 77' lang='lat' dir='ltr'>uoluerunt,</span> <span class='ocrx_word' id='word_1_27' title='bbox 1219 864 1276 931; x_wconf 79' lang='lat' dir='ltr'>sen</span> <span class='ocrx_word' id='word_1_28' title='bbox 1302 883 1415 935; x_wconf 79' lang='lat' dir='ltr'>rursus</span> 
     </span>
     <span class='ocr_line' id='line_1_5' title="bbox 261 962 1414 1064; baseline -0.002 -27"><span class='ocrx_word' id='word_1_29' title='bbox 261 972 302 1037; x_wconf 83' lang='lat' dir='ltr'>nd</span> <span class='ocrx_word' id='word_1_30' title='bbox 334 970 467 1038; x_wconf 77' lang='lat' dir='ltr'>nunciam</span> <span class='ocrx_word' id='word_1_31' title='bbox 500 970 722 1055; x_wconf 80' lang='lat' dir='ltr'>imperatorem</span> <span class='ocrx_word' id='word_1_32' title='bbox 754 975 923 1064; x_wconf 63' lang='lat' dir='ltr'>uanamnt,</span> <span class='ocrx_word' id='word_1_33' title='bbox 962 990 1074 1038; x_wconf 87' lang='lat' dir='ltr'>rursus</span> <span class='ocrx_word' id='word_1_34' title='bbox 1104 991 1170 1040; x_wconf 89' lang='lat' dir='ltr'>nou</span> <span class='ocrx_word' id='word_1_35' title='bbox 1200 962 1414 1038; x_wconf 73' lang='lat' dir='ltr'>Caecilianum</span> 
     </span>
     <span class='ocr_line' id='line_1_6' title="bbox 263 1068 1465 1163; baseline -0.005 -20"><span class='ocrx_word' id='word_1_36' title='bbox 263 1081 386 1143; x_wconf 88' lang='lat' dir='ltr'>tautum</span> <span class='ocrx_word' id='word_1_37' title='bbox 410 1095 522 1141; x_wconf 87' lang='lat' dir='ltr'>ucmm</span> <span class='ocrx_word' id='word_1_38' title='bbox 546 1076 643 1142; x_wconf 80' lang='lat' dir='ltr'>otiam</span> <span class='ocrx_word' id='word_1_39' title='bbox 666 1076 758 1143; x_wconf 87' lang='lat' dir='ltr'>datos</span> <span class='ocrx_word' id='word_1_40' title='bbox 782 1068 846 1143; x_wconf 84' lang='lat' dir='ltr'>sibi</span> <span class='ocrx_word' id='word_1_41' title='bbox 869 1077 1038 1160; x_wconf 77' lang='lat' dir='ltr'>episcopos</span> <span class='ocrx_word' id='word_1_42' title='bbox 1060 1077 1184 1144; x_wconf 77' lang='lat' dir='ltr'>iudices</span> <span class='ocrx_word' id='word_1_43' title='bbox 1207 1076 1291 1163; x_wconf 85' lang='lat' dir='ltr'>apud</span> <span class='ocrx_word' id='word_1_44' title='bbox 1319 1082 1415 1143; x_wconf 86' lang='lat' dir='ltr'>terra-</span> <span class='ocrx_word' id='word_1_45' title='bbox 1450 1100 1465 1137; x_wconf 74' lang='lat' dir='ltr'>s</span> 
     </span>
     <span class='ocr_line' id='line_1_7' title="bbox 262 1183 1415 1272; baseline 0 -23"><span class='ocrx_word' id='word_1_46' title='bbox 262 1203 338 1249; x_wconf 88' lang='lat' dir='ltr'>num</span> <span class='ocrx_word' id='word_1_47' title='bbox 361 1202 468 1268; x_wconf 85' lang='lat' dir='ltr'>rogam</span> <span class='ocrx_word' id='word_1_48' title='bbox 492 1187 731 1261; x_wconf 68' lang='lat' dir='ltr'>accusaucrunt,</span> <span class='ocrx_word' id='word_1_49' title='bbox 756 1203 868 1250; x_wconf 77' lang='lat' dir='ltr'>maana</span> <span class='ocrx_word' id='word_1_50' title='bbox 891 1184 930 1249; x_wconf 91' lang='lat' dir='ltr'>ab</span> <span class='ocrx_word' id='word_1_51' title='bbox 954 1184 1017 1250; x_wconf 88' lang='lat' dir='ltr'>alio</span> <span class='ocrx_word' id='word_1_52' title='bbox 1041 1184 1214 1272; x_wconf 82' lang='lat' dir='ltr'>episcopali</span> <span class='ocrx_word' id='word_1_53' title='bbox 1237 1184 1355 1258; x_wconf 81' lang='lat' dir='ltr'>iudicio</span> <span class='ocrx_word' id='word_1_54' title='bbox 1374 1183 1415 1249; x_wconf 92' lang='lat' dir='ltr'>ad</span> 
     </span>
     <span class='ocr_line' id='line_1_8' title="bbox 263 1288 1415 1378; baseline -0.002 -22"><span class='ocrx_word' id='word_1_55' title='bbox 263 1290 397 1356; x_wconf 79' lang='lat' dir='ltr'>arandam</span> <span class='ocrx_word' id='word_1_56' title='bbox 419 1290 642 1372; x_wconf 83' lang='lat' dir='ltr'>impamt&#39;oram</span> <span class='ocrx_word' id='word_1_57' title='bbox 675 1288 919 1378; x_wconf 78' lang='lat' dir='ltr'>appellauomut</span> <span class='ocrx_word' id='word_1_58' title='bbox 949 1309 1007 1357; x_wconf 84' lang='lat' dir='ltr'>unc</span> <span class='ocrx_word' id='word_1_59' title='bbox 1035 1309 1073 1356; x_wconf 91' lang='lat' dir='ltr'>ao</span> <span class='ocrx_word' id='word_1_60' title='bbox 1100 1291 1172 1374; x_wconf 85' lang='lat' dir='ltr'>ipso</span> <span class='ocrx_word' id='word_1_61' title='bbox 1198 1291 1282 1356; x_wconf 88' lang='lat' dir='ltr'>intcr</span> <span class='ocrx_word' id='word_1_62' title='bbox 1307 1293 1415 1373; x_wconf 77' lang='lat' dir='ltr'>partos</span> 
     </span>
     <span class='ocr_line' id='line_1_9' title="bbox 263 1394 1413 1482; baseline -0.003 -19"><span class='ocrx_word' id='word_1_63' title='bbox 263 1399 474 1482; x_wconf 77' lang='lat' dir='ltr'>cognoscanto</span> <span class='ocrx_word' id='word_1_64' title='bbox 506 1398 602 1478; x_wconf 89' lang='lat' dir='ltr'>atquo</span> <span class='ocrx_word' id='word_1_65' title='bbox 633 1395 794 1461; x_wconf 77' lang='lat' dir='ltr'>iudicante</span> <span class='ocrx_word' id='word_1_66' title='bbox 826 1396 880 1461; x_wconf 88' lang='lat' dir='ltr'>uol</span> <span class='ocrx_word' id='word_1_67' title='bbox 910 1396 1040 1462; x_wconf 88' lang='lat' dir='ltr'>uoritati</span> <span class='ocrx_word' id='word_1_68' title='bbox 1068 1396 1120 1462; x_wconf 83' lang='lat' dir='ltr'>uel</span> <span class='ocrx_word' id='word_1_69' title='bbox 1144 1398 1214 1481; x_wconf 89' lang='lat' dir='ltr'>paci</span> <span class='ocrx_word' id='word_1_70' title='bbox 1239 1394 1413 1464; x_wconf 84' lang='lat' dir='ltr'>cadendum</span> 
     </span>
     <span class='ocr_line' id='line_1_10' title="bbox 263 1503 522 1570; baseline -0.012 0"><span class='ocrx_word' id='word_1_71' title='bbox 263 1524 333 1570; x_wconf 85' lang='lat' dir='ltr'>esso</span> <span class='ocrx_word' id='word_1_72' title='bbox 358 1503 522 1568; x_wconf 79' lang='lat' dir='ltr'>durarunt</span> 
     </span>
    </p>

    <p class='ocr_par' dir='ltr' id='par_1_3' title="bbox 212 1607 1466 2118">
     <span class='ocr_line' id='line_1_11' title="bbox 212 1607 1466 1690; baseline -0.004 -15"><span class='ocrx_word' id='word_1_73' title='bbox 212 1614 251 1675; x_wconf 78' lang='lat' dir='ltr'>lt</span> <span class='ocrx_word' id='word_1_74' title='bbox 307 1609 391 1690; x_wconf 86' lang='lat' dir='ltr'>Quid</span> <span class='ocrx_word' id='word_1_75' title='bbox 414 1614 520 1675; x_wconf 86' lang='lat' dir='ltr'>autom</span> <span class='ocrx_word' id='word_1_76' title='bbox 545 1608 633 1674; x_wconf 82' lang='lat' dir='ltr'>aliud</span> <span class='ocrx_word' id='word_1_77' title='bbox 662 1612 818 1674; x_wconf 77' lang='lat' dir='ltr'>statueret</span> <span class='ocrx_word' id='word_1_78' title='bbox 845 1607 1074 1675; x_wconf 77' lang='lat' dir='ltr'>Constantinus</span> <span class='ocrx_word' id='word_1_79' title='bbox 1103 1609 1257 1676; x_wconf 80' lang='lat' dir='ltr'>aduersus</span> <span class='ocrx_word' id='word_1_80' title='bbox 1283 1608 1415 1675; x_wconf 77' lang='lat' dir='ltr'>Caecili·</span> <span class='ocrx_word' id='word_1_81' title='bbox 1436 1631 1466 1670; x_wconf 81' lang='grc' dir='ltr'>ιο</span> 
     </span>
     <span class='ocr_line' id='line_1_12' title="bbox 229 1714 1414 1791; baseline 0 -12"><span class='ocrx_word' id='word_1_82' title='bbox 229 1772 233 1779; x_wconf 92' lang='grc'><strong>.</strong></span> <span class='ocrx_word' id='word_1_83' title='bbox 262 1718 358 1783; x_wconf 84' lang='lat' dir='ltr'>anum</span> <span class='ocrx_word' id='word_1_84' title='bbox 382 1719 416 1781; x_wconf 87' lang='lat' dir='ltr'>ot</span> <span class='ocrx_word' id='word_1_85' title='bbox 438 1716 542 1781; x_wconf 85' lang='lat' dir='ltr'>socios</span> <span class='ocrx_word' id='word_1_86' title='bbox 567 1716 646 1791; x_wconf 82' lang='lat' dir='ltr'>sius,</span> <span class='ocrx_word' id='word_1_87' title='bbox 671 1716 699 1779; x_wconf 90' lang='lat' dir='ltr'>ai</span> <span class='ocrx_word' id='word_1_88' title='bbox 723 1717 831 1780; x_wconf 82' lang='lat' dir='ltr'>assent</span> <span class='ocrx_word' id='word_1_89' title='bbox 854 1715 972 1780; x_wconf 83' lang='lat' dir='ltr'>uostris</span> <span class='ocrx_word' id='word_1_90' title='bbox 995 1714 1169 1781; x_wconf 71' lang='lat' dir='ltr'>mmoubua</span> <span class='ocrx_word' id='word_1_91' title='bbox 1189 1714 1414 1782; x_wconf 82' lang='lat' dir='ltr'>accusantibus</span> 
     </span>
     <span class='ocr_line' id='line_1_13' title="bbox 262 1820 1415 1906; baseline 0.004 -18"><span class='ocrx_word' id='word_1_92' title='bbox 262 1823 352 1901; x_wconf 75' lang='lat' dir='ltr'>uuicti,</span> <span class='ocrx_word' id='word_1_93' title='bbox 385 1840 480 1906; x_wconf 86' lang='lat' dir='ltr'>quam</span> <span class='ocrx_word' id='word_1_94' title='bbox 508 1820 594 1905; x_wconf 87' lang='lat' dir='ltr'>quod</span> <span class='ocrx_word' id='word_1_95' title='bbox 622 1822 738 1886; x_wconf 75' lang='lat' dir='ltr'>statuit</span> <span class='ocrx_word' id='word_1_96' title='bbox 766 1820 882 1886; x_wconf 82' lang='lat' dir='ltr'>iu&#39;aos</span> <span class='ocrx_word' id='word_1_97' title='bbox 910 1821 1010 1904; x_wconf 83' lang='lat' dir='ltr'>ipsos,</span> <span class='ocrx_word' id='word_1_98' title='bbox 1039 1822 1093 1904; x_wconf 89' lang='lat' dir='ltr'>qui</span> <span class='ocrx_word' id='word_1_99' title='bbox 1110 1841 1190 1887; x_wconf 86' lang='lat' dir='ltr'>cum</span> <span class='ocrx_word' id='word_1_100' title='bbox 1214 1823 1300 1887; x_wconf 87' lang='lat' dir='ltr'>uitro</span> <span class='ocrx_word' id='word_1_101' title='bbox 1324 1839 1415 1892; x_wconf 70' lang='lat' dir='ltr'>toou-</span> 
     </span>
     <span class='ocr_line' id='line_1_14' title="bbox 262 1926 1412 2011; baseline -0.004 -16"><span class='ocrx_word' id='word_1_102' title='bbox 262 1934 388 1995; x_wconf 86' lang='lat' dir='ltr'>sasseut</span> <span class='ocrx_word' id='word_1_103' title='bbox 419 1947 477 2001; x_wconf 84' lang='lat' dir='ltr'>noc</span> <span class='ocrx_word' id='word_1_104' title='bbox 505 1928 557 2002; x_wconf 66' lang='lat' dir='ltr'>oa,⁴</span> <span class='ocrx_word' id='word_1_105' title='bbox 582 1945 662 2011; x_wconf 84' lang='lat' dir='ltr'>quaa</span> <span class='ocrx_word' id='word_1_106' title='bbox 690 1926 907 2003; x_wconf 81' lang='lat' dir='ltr'>intendebant,</span> <span class='ocrx_word' id='word_1_107' title='bbox 935 1927 1068 2011; x_wconf 87' lang='lat' dir='ltr'>probaro</span> <span class='ocrx_word' id='word_1_108' title='bbox 1091 1926 1412 2009; x_wconf 75' lang='lat' dir='ltr'>potuissentuolue-</span> 
     </span>
     <span class='ocr_line' id='line_1_15' title="bbox 262 2033 1415 2118; baseline -0.004 -17"><span class='ocrx_word' id='word_1_109' title='bbox 262 2038 337 2101; x_wconf 90' lang='lat' dir='ltr'>runt</span> <span class='ocrx_word' id='word_1_110' title='bbox 371 2035 500 2100; x_wconf 77' lang='lat' dir='ltr'>ueritati</span> <span class='ocrx_word' id='word_1_111' title='bbox 536 2033 714 2100; x_wconf 83' lang='lat' dir='ltr'>consentino</span> <span class='ocrx_word' id='word_1_112' title='bbox 750 2046 809 2098; x_wconf 85' lang='lat' dir='ltr'>noo</span> <span class='ocrx_word' id='word_1_113' title='bbox 847 2034 949 2097; x_wconf 80' lang='lat' dir='ltr'>uicti?</span> <span class='ocrx_word' id='word_1_114' title='bbox 987 2034 1042 2098; x_wconf 90' lang='lat' dir='ltr'>illo</span> <span class='ocrx_word' id='word_1_115' title='bbox 1084 2033 1202 2118; x_wconf 77' lang='lat' dir='ltr'>quippo</span> <span class='ocrx_word' id='word_1_116' title='bbox 1243 2033 1415 2116; x_wconf 85' lang='lat' dir='ltr'>imporator</span> 
     </span>
    </p>

    <p class='ocr_par' dir='ltr' id='par_1_4' title="bbox 229 2135 1482 3293">
     <span class='ocr_line' id='line_1_16' title="bbox 229 2135 1482 2229; baseline -0.007 -20"><span class='ocrx_word' id='word_1_117' title='bbox 229 2224 231 2229; x_wconf 23' lang='grc' dir='ltr'>Ι</span> <span class='ocrx_word' id='word_1_118' title='bbox 261 2142 384 2225; x_wconf 84' lang='lat' dir='ltr'>primun</span> <span class='ocrx_word' id='word_1_119' title='bbox 408 2139 575 2206; x_wconf 88' lang='lat' dir='ltr'>constituit</span> <span class='ocrx_word' id='word_1_120' title='bbox 597 2140 628 2204; x_wconf 93' lang='lat' dir='ltr'>in</span> <span class='ocrx_word' id='word_1_121' title='bbox 653 2140 711 2204; x_wconf 85' lang='lat' dir='ltr'>trac</span> <span class='ocrx_word' id='word_1_122' title='bbox 736 2158 842 2214; x_wconf 81' lang='lat' dir='ltr'>causa,</span> <span class='ocrx_word' id='word_1_123' title='bbox 867 2144 905 2205; x_wconf 90' lang='lat' dir='ltr'>ut</span> <span class='ocrx_word' id='word_1_124' title='bbox 927 2158 976 2204; x_wconf 87' lang='lat' dir='ltr'>res</span> <span class='ocrx_word' id='word_1_125' title='bbox 1001 2135 1217 2206; x_wconf 90' lang='lat' dir='ltr'>conuictcmm</span> <span class='ocrx_word' id='word_1_126' title='bbox 1244 2144 1278 2205; x_wconf 87' lang='lat' dir='ltr'>ot</span> <span class='ocrx_word' id='word_1_127' title='bbox 1299 2139 1413 2204; x_wconf 83' lang='lat' dir='ltr'>unitati</span> <span class='ocrx_word' id='word_1_128' title='bbox 1435 2160 1482 2200; x_wconf 76' lang='lat' dir='ltr'>ss.</span> 
     </span>
     <span class='ocr_line' id='line_1_17' title="bbox 262 2244 1415 2332; baseline -0.003 -19"><span class='ocrx_word' id='word_1_129' title='bbox 262 2247 469 2332; x_wconf 83' lang='lat' dir='ltr'>peruicacitor</span> <span class='ocrx_word' id='word_1_130' title='bbox 489 2244 705 2311; x_wconf 83' lang='lat' dir='ltr'>ronistoutium</span> <span class='ocrx_word' id='word_1_131' title='bbox 735 2245 812 2311; x_wconf 87' lang='lat' dir='ltr'>fisco</span> <span class='ocrx_word' id='word_1_132' title='bbox 842 2246 1087 2311; x_wconf 86' lang='lat' dir='ltr'>uindicarantur.</span> <span class='ocrx_word' id='word_1_133' title='bbox 1120 2247 1177 2311; x_wconf 83' lang='lat' dir='ltr'>scd</span> <span class='ocrx_word' id='word_1_134' title='bbox 1205 2247 1357 2314; x_wconf 78' lang='lat' dir='ltr'>uidelicet</span> <span class='ocrx_word' id='word_1_135' title='bbox 1384 2245 1415 2309; x_wconf 89' lang='lat' dir='ltr'>si</span> 
     </span>
     <span class='ocr_line' id='line_1_18' title="bbox 262 2352 1412 2437; baseline -0.002 -18"><span class='ocrx_word' id='word_1_136' title='bbox 262 2353 381 2422; x_wconf 84' lang='lat' dir='ltr'>uestris</span> <span class='ocrx_word' id='word_1_137' title='bbox 416 2352 590 2418; x_wconf 88' lang='lat' dir='ltr'>maioribus</span> <span class='ocrx_word' id='word_1_138' title='bbox 629 2352 855 2418; x_wconf 86' lang='lat' dir='ltr'>accusantibus</span> <span class='ocrx_word' id='word_1_139' title='bbox 897 2357 993 2435; x_wconf 82' lang='lat' dir='ltr'>atquo</span> <span class='ocrx_word' id='word_1_140' title='bbox 1040 2355 1264 2437; x_wconf 79' lang='lat' dir='ltr'>srrpomntibua</span> <span class='ocrx_word' id='word_1_141' title='bbox 1305 2356 1412 2419; x_wconf 90' lang='lat' dir='ltr'>contra</span> 
     </span>
     <span class='ocr_line' id='line_1_19' title="bbox 262 2456 1413 2541; baseline -0.003 -16"><span class='ocrx_word' id='word_1_142' title='bbox 262 2457 516 2537; x_wconf 82' lang='lat' dir='ltr'>communionum</span> <span class='ocrx_word' id='word_1_143' title='bbox 549 2456 720 2523; x_wconf 79' lang='lat' dir='ltr'>Caeciliani</span> <span class='ocrx_word' id='word_1_144' title='bbox 752 2458 924 2540; x_wconf 80' lang='lat' dir='ltr'>imponatur</span> <span class='ocrx_word' id='word_1_145' title='bbox 959 2458 1023 2523; x_wconf 87' lang='lat' dir='ltr'>talo</span> <span class='ocrx_word' id='word_1_146' title='bbox 1054 2458 1175 2541; x_wconf 86' lang='lat' dir='ltr'>aliquid</span> <span class='ocrx_word' id='word_1_147' title='bbox 1207 2458 1413 2534; x_wconf 75' lang='lat' dir='ltr'>coercuisset,</span> 
     </span>
     <span class='ocr_line' id='line_1_20' title="bbox 262 2561 1412 2648; baseline -0.001 -19"><span class='ocrx_word' id='word_1_148' title='bbox 262 2565 443 2648; x_wconf 82' lang='lat' dir='ltr'>prouisorss</span> <span class='ocrx_word' id='word_1_149' title='bbox 475 2562 638 2640; x_wconf 78' lang='lat' dir='ltr'>occloaias,</span> <span class='ocrx_word' id='word_1_150' title='bbox 676 2561 858 2628; x_wconf 82' lang='lat' dir='ltr'>doionsorss</span> <span class='ocrx_word' id='word_1_151' title='bbox 895 2565 984 2647; x_wconf 86' lang='lat' dir='ltr'>pacis</span> <span class='ocrx_word' id='word_1_152' title='bbox 1021 2568 1055 2630; x_wconf 89' lang='lat' dir='ltr'>ot</span> <span class='ocrx_word' id='word_1_153' title='bbox 1091 2564 1222 2629; x_wconf 90' lang='lat' dir='ltr'>unitatis</span> <span class='ocrx_word' id='word_1_154' title='bbox 1260 2564 1412 2630; x_wconf 89' lang='lat' dir='ltr'>nominari</span> 
     </span>
     <span class='ocr_line' id='line_1_21' title="bbox 261 2669 1463 2752; baseline -0.004 -14"><span class='ocrx_word' id='word_1_155' title='bbox 261 2671 401 2740; x_wconf 85' lang='lat' dir='ltr'>uallotia.</span> <span class='ocrx_word' id='word_1_156' title='bbox 435 2689 507 2734; x_wconf 88' lang='lat' dir='ltr'>cum</span> <span class='ocrx_word' id='word_1_157' title='bbox 535 2688 612 2734; x_wconf 79' lang='lat' dir='ltr'>uero</span> <span class='ocrx_word' id='word_1_158' title='bbox 634 2670 665 2733; x_wconf 89' lang='lat' dir='ltr'>in</span> <span class='ocrx_word' id='word_1_159' title='bbox 690 2687 755 2744; x_wconf 83' lang='lat' dir='ltr'>cos,</span> <span class='ocrx_word' id='word_1_160' title='bbox 780 2669 835 2752; x_wconf 87' lang='lat' dir='ltr'>qui</span> <span class='ocrx_word' id='word_1_161' title='bbox 859 2669 942 2735; x_wconf 91' lang='lat' dir='ltr'>ultro</span> <span class='ocrx_word' id='word_1_162' title='bbox 967 2673 1154 2736; x_wconf 78' lang='lat' dir='ltr'>accusantes</span> <span class='ocrx_word' id='word_1_163' title='bbox 1177 2670 1257 2735; x_wconf 89' lang='lat' dir='ltr'>nihil</span> <span class='ocrx_word' id='word_1_164' title='bbox 1281 2669 1412 2752; x_wconf 84' lang='lat' dir='ltr'>probata</span> <span class='ocrx_word' id='word_1_165' title='bbox 1433 2693 1463 2733; x_wconf 87' lang='lat' dir='ltr'>ss</span> 
     </span>
     <span class='ocr_line' id='line_1_22' title="bbox 240 2775 1412 2864; baseline -0.004 -19"><span class='ocrx_word' id='word_1_166' title='bbox 240 2780 435 2864; x_wconf 83' lang='lat' dir='ltr'>-potuamnt</span> <span class='ocrx_word' id='word_1_167' title='bbox 448 2795 522 2854; x_wconf 75' lang='lat' dir='ltr'>,nec</span> <span class='ocrx_word' id='word_1_168' title='bbox 550 2776 655 2842; x_wconf 89' lang='lat' dir='ltr'>oblato</span> <span class='ocrx_word' id='word_1_169' title='bbox 684 2775 747 2840; x_wconf 89' lang='lat' dir='ltr'>sibi</span> <span class='ocrx_word' id='word_1_170' title='bbox 775 2776 897 2861; x_wconf 63' lang='lat' dir='ltr'>monnio</span> <span class='ocrx_word' id='word_1_171' title='bbox 925 2777 1024 2859; x_wconf 82' lang='lat' dir='ltr'>pacis,</span> <span class='ocrx_word' id='word_1_172' title='bbox 1049 2795 1111 2860; x_wconf 88' lang='lat' dir='ltr'>quo</span> <span class='ocrx_word' id='word_1_173' title='bbox 1136 2777 1269 2843; x_wconf 83' lang='lat' dir='ltr'>conracti</span> <span class='ocrx_word' id='word_1_174' title='bbox 1293 2776 1412 2858; x_wconf 70' lang='lat' dir='ltr'>cxcipo</span> 
     </span>
     <span class='ocr_line' id='line_1_23' title="bbox 260 2876 1413 2966; baseline -0.002 -18"><span class='ocrx_word' id='word_1_175' title='bbox 260 2886 379 2960; x_wconf 83' lang='lat' dir='ltr'>rentur,</span> <span class='ocrx_word' id='word_1_176' title='bbox 416 2883 593 2949; x_wconf 82' lang='lat' dir='ltr'>consentire</span> <span class='ocrx_word' id='word_1_177' title='bbox 630 2876 811 2959; x_wconf 80' lang='lat' dir='ltr'>uoluerunt,</span> <span class='ocrx_word' id='word_1_178' title='bbox 850 2883 889 2946; x_wconf 89' lang='lat' dir='ltr'>ab</span> <span class='ocrx_word' id='word_1_179' title='bbox 922 2883 1167 2966; x_wconf 77' lang='lat' dir='ltr'>imperatoribus</span> <span class='ocrx_word' id='word_1_180' title='bbox 1200 2883 1280 2950; x_wconf 84' lang='lat' dir='ltr'>talin</span> <span class='ocrx_word' id='word_1_181' title='bbox 1309 2883 1413 2948; x_wconf 84' lang='lat' dir='ltr'>dacor·</span> 
     </span>
     <span class='ocr_line' id='line_1_24' title="bbox 261 2988 1412 3073; baseline -0.003 -18"><span class='ocrx_word' id='word_1_182' title='bbox 261 2992 388 3068; x_wconf 81' lang='lat' dir='ltr'>uantur,</span> <span class='ocrx_word' id='word_1_183' title='bbox 421 2988 586 3073; x_wconf 73' lang='lat' dir='ltr'>indignum</span> <span class='ocrx_word' id='word_1_184' title='bbox 620 2989 742 3054; x_wconf 80' lang='lat' dir='ltr'>facinus</span> <span class='ocrx_word' id='word_1_185' title='bbox 756 2994 761 3003; x_wconf 79' lang='grc'>’</span> <span class='ocrx_word' id='word_1_186' title='bbox 776 2989 969 3067; x_wconf 83' lang='lat' dir='ltr'>clamitatur,</span> <span class='ocrx_word' id='word_1_187' title='bbox 1004 2990 1160 3054; x_wconf 77' lang='lat' dir='ltr'>neminem</span> <span class='ocrx_word' id='word_1_188' title='bbox 1189 2990 1228 3055; x_wconf 86' lang='lat' dir='ltr'>ad</span> <span class='ocrx_word' id='word_1_189' title='bbox 1256 2989 1412 3055; x_wconf 81' lang='lat' dir='ltr'>unitatem</span> 
     </span>
     <span class='ocr_line' id='line_1_25' title="bbox 235 3094 1411 3178; baseline 0 -18"><span class='ocrx_word' id='word_1_190' title='bbox 235 3114 333 3162; x_wconf 84' lang='lat' dir='ltr'>-aass</span> <span class='ocrx_word' id='word_1_191' title='bbox 370 3094 558 3178; x_wconf 80' lang='lat' dir='ltr'>cogendum,</span> <span class='ocrx_word' id='word_1_192' title='bbox 596 3094 716 3160; x_wconf 78' lang='lat' dir='ltr'>naulum</span> <span class='ocrx_word' id='word_1_193' title='bbox 752 3112 809 3178; x_wconf 87' lang='lat' dir='ltr'>pro</span> <span class='ocrx_word' id='word_1_194' title='bbox 847 3095 947 3161; x_wconf 87' lang='lat' dir='ltr'>malo.</span> <span class='ocrx_word' id='word_1_195' title='bbox 966 3096 1084 3160; x_wconf 88' lang='lat' dir='ltr'>nomini</span> <span class='ocrx_word' id='word_1_196' title='bbox 1116 3094 1312 3162; x_wconf 79' lang='lat' dir='ltr'>reddendum</span> <span class='ocrx_word' id='word_1_197' title='bbox 1340 3108 1411 3165; x_wconf 81' lang='lat' dir='ltr'>oasa</span> 
     </span>
     <span class='ocr_line' id='line_1_26' title="bbox 262 3192 1460 3293; baseline -0.001 -27"><span class='ocrx_word' id='word_1_198' title='bbox 262 3192 472 3270; x_wconf 79' lang='lat' dir='ltr'>contunditur.</span> <span class='ocrx_word' id='word_1_199' title='bbox 505 3200 582 3284; x_wconf 73' lang='lat' dir='ltr'>quisi</span> <span class='ocrx_word' id='word_1_200' title='bbox 612 3204 662 3267; x_wconf 85' lang='lat' dir='ltr'>est</span> <span class='ocrx_word' id='word_1_201' title='bbox 689 3201 775 3266; x_wconf 86' lang='lat' dir='ltr'>atiud</span> <span class='ocrx_word' id='word_1_202' title='bbox 804 3219 899 3284; x_wconf 88' lang='lat' dir='ltr'>quam</span> <span class='ocrx_word' id='word_1_203' title='bbox 924 3201 967 3293; x_wconf 79' lang='lat' dir='ltr'>id,</span> <span class='ocrx_word' id='word_1_204' title='bbox 991 3201 1077 3285; x_wconf 87' lang='lat' dir='ltr'>quod</span> <span class='ocrx_word' id='word_1_205' title='bbox 1101 3201 1139 3266; x_wconf 86' lang='lat' dir='ltr'>da</span> <span class='ocrx_word' id='word_1_206' title='bbox 1163 3200 1257 3271; x_wconf 88' lang='lat' dir='ltr'>uobis</span> <span class='ocrx_word' id='word_1_207' title='bbox 1281 3192 1409 3284; x_wconf 81' lang='lat' dir='ltr'>quidam</span> <span class='ocrx_word' id='word_1_208' title='bbox 1429 3223 1460 3264; x_wconf 80' lang='lat' dir='ltr'>ss</span> 
     </span>
    </p>
   </div>
   <div class='ocr_carea' id='block_1_3' title="bbox 213 3459 1415 4413">
    <p class='ocr_par' dir='ltr' id='par_1_5' title="bbox 213 3459 1415 4329">
     <span class='ocr_line' id='line_1_27' title="bbox 298 3459 1411 3531; baseline 0.001 -17"><span class='ocrx_word' id='word_1_209' title='bbox 298 3464 311 3514; x_wconf 90' lang='lat' dir='ltr'>l</span> <span class='ocrx_word' id='word_1_210' title='bbox 331 3459 403 3530; x_wconf 79' lang='lat' dir='ltr'>ipso]</span> <span class='ocrx_word' id='word_1_211' title='bbox 423 3459 483 3529; x_wconf 85' lang='lat' dir='ltr'>ipso</span> <span class='ocrx_word' id='word_1_212' title='bbox 503 3462 594 3513; x_wconf 84' lang='lat' dir='ltr'>nutem</span> <span class='ocrx_word' id='word_1_213' title='bbox 616 3459 665 3513; x_wconf 72' lang='grc' dir='ltr'>ΟΡ</span> <span class='ocrx_word' id='word_1_214' title='bbox 763 3460 845 3531; x_wconf 82' lang='lat' dir='ltr'>longo</span> <span class='ocrx_word' id='word_1_215' title='bbox 864 3460 1027 3531; x_wconf 78' lang='lat' dir='ltr'>imperatore</span> <span class='ocrx_word' id='word_1_216' title='bbox 1044 3461 1074 3518; x_wconf 84' lang='lat' dir='ltr'><em>R</em></span> <span class='ocrx_word' id='word_1_217' title='bbox 1177 3461 1328 3527; x_wconf 80' lang='lat' dir='ltr'>ordinatas,</span> <span class='ocrx_word' id='word_1_218' title='bbox 1346 3466 1411 3517; x_wconf 64' lang='lat' dir='ltr'>nn?</span> 
     </span>
     <span class='ocr_line' id='line_1_28' title="bbox 260 3538 1412 3620; baseline 0.002 -19"><span class='ocrx_word' id='word_1_219' title='bbox 260 3545 465 3602; x_wconf 75' lang='lat' dir='ltr'>ordiuntinsM</span> <span class='ocrx_word' id='word_1_220' title='bbox 503 3548 532 3601; x_wconf 41' lang='lat'>*2</span> <span class='ocrx_word' id='word_1_221' title='bbox 550 3548 687 3601; x_wconf 60' lang='lat' dir='ltr'>causant</span> <span class='ocrx_word' id='word_1_222' title='bbox 760 3548 1176 3620; x_wconf 66' lang='lat' dir='ltr'>adase(pr.sap.sn.1t1</span> <span class='ocrx_word' id='word_1_223' title='bbox 1225 3538 1247 3606; x_wconf 75' lang='grc' dir='ltr'>ι3</span> <span class='ocrx_word' id='word_1_224' title='bbox 1266 3550 1412 3609; x_wconf 71' lang='lat' dir='ltr'>uoluerunt</span> 
     </span>
     <span class='ocr_line' id='line_1_29' title="bbox 260 3634 1412 3709; baseline 0 -18"><span class='ocrx_word' id='word_1_225' title='bbox 260 3636 360 3691; x_wconf 77' lang='lat' dir='ltr'>bubona</span> <span class='ocrx_word' id='word_1_226' title='bbox 377 3634 412 3690; x_wconf 83' lang='lat' dir='ltr'><strong><em>N</em></strong></span> <span class='ocrx_word' id='word_1_227' title='bbox 479 3634 698 3691; x_wconf 78' lang='lat' dir='ltr'>sati-ucunrnnt</span> <span class='ocrx_word' id='word_1_228' title='bbox 717 3651 768 3690; x_wconf 78' lang='lat' dir='ltr'>oros.</span> <span class='ocrx_word' id='word_1_229' title='bbox 789 3637 816 3690; x_wconf 76' lang='lat' dir='ltr'><em>A</em></span> <span class='ocrx_word' id='word_1_230' title='bbox 884 3639 1015 3692; x_wconf 75' lang='lat' dir='ltr'>bnnmnr</span> <span class='ocrx_word' id='word_1_231' title='bbox 1034 3654 1086 3693; x_wconf 80' lang='lat' dir='ltr'>om.</span> <span class='ocrx_word' id='word_1_232' title='bbox 1105 3639 1133 3693; x_wconf 80' lang='grc' dir='ltr'><strong><em>Δ</em></strong></span> <span class='ocrx_word' id='word_1_233' title='bbox 1206 3639 1318 3694; x_wconf 82' lang='lat' dir='ltr'>daturos</span> <span class='ocrx_word' id='word_1_234' title='bbox 1336 3639 1412 3709; x_wconf 63' lang='lat' dir='ltr'>(m</span> 
     </span>
     <span class='ocr_line' id='line_1_30' title="bbox 260 3721 1410 3798; baseline 0.002 -21"><span class='ocrx_word' id='word_1_235' title='bbox 260 3724 312 3781; x_wconf 78' lang='lat' dir='ltr'>dci.</span> <span class='ocrx_word' id='word_1_236' title='bbox 332 3729 375 3791; x_wconf 81' lang='lat' dir='ltr'>nr)</span> <span class='ocrx_word' id='word_1_237' title='bbox 394 3723 421 3777; x_wconf 85' lang='lat' dir='ltr'><strong><em>L</em></strong></span> <span class='ocrx_word' id='word_1_238' title='bbox 492 3725 604 3778; x_wconf 77' lang='lat' dir='ltr'>trauan</span> <span class='ocrx_word' id='word_1_239' title='bbox 622 3722 651 3778; x_wconf 82' lang='lat' dir='ltr'><em>R</em></span> <span class='ocrx_word' id='word_1_240' title='bbox 728 3722 762 3778; x_wconf 86' lang='lat' dir='ltr'>ad</span> <span class='ocrx_word' id='word_1_241' title='bbox 781 3740 833 3779; x_wconf 81' lang='lat' dir='ltr'>ons.</span> <span class='ocrx_word' id='word_1_242' title='bbox 853 3724 886 3778; x_wconf 87' lang='lat' dir='ltr'><em>N</em></span> <span class='ocrx_word' id='word_1_243' title='bbox 954 3725 1036 3780; x_wconf 74' lang='lat' dir='ltr'>Sual</span> <span class='ocrx_word' id='word_1_244' title='bbox 1054 3728 1127 3798; x_wconf 80' lang='lat' dir='ltr'>paci]</span> <span class='ocrx_word' id='word_1_245' title='bbox 1148 3728 1223 3798; x_wconf 84' lang='lat' dir='ltr'>pacis</span> <span class='ocrx_word' id='word_1_246' title='bbox 1241 3721 1279 3782; x_wconf 70' lang='lat' dir='ltr'>ll</span> <span class='ocrx_word' id='word_1_247' title='bbox 1348 3742 1410 3797; x_wconf 65' lang='lat' dir='ltr'>con·</span> 
     </span>
     <span class='ocr_line' id='line_1_31' title="bbox 213 3811 1414 3885; baseline -0.001 -18"><span class='ocrx_word' id='word_1_248' title='bbox 213 3816 216 3821; x_wconf 79' lang='grc'><em>’</em></span> <span class='ocrx_word' id='word_1_249' title='bbox 261 3811 378 3867; x_wconf 84' lang='lat' dir='ltr'>dandum</span> <span class='ocrx_word' id='word_1_250' title='bbox 393 3816 450 3881; x_wconf 76' lang='lat' dir='ltr'>(pr.</span> <span class='ocrx_word' id='word_1_251' title='bbox 464 3828 481 3866; x_wconf 91' lang='lat' dir='ltr'>n</span> <span class='ocrx_word' id='word_1_252' title='bbox 497 3827 555 3881; x_wconf 73' lang='lat' dir='ltr'>asp.</span> <span class='ocrx_word' id='word_1_253' title='bbox 571 3827 606 3865; x_wconf 83' lang='lat' dir='ltr'>sss.</span> <span class='ocrx_word' id='word_1_254' title='bbox 618 3817 645 3876; x_wconf 82' lang='lat'>1)</span> <span class='ocrx_word' id='word_1_255' title='bbox 660 3813 697 3867; x_wconf 87' lang='grc' dir='ltr'><em>Μ</em></span> <span class='ocrx_word' id='word_1_256' title='bbox 709 3811 871 3867; x_wconf 80' lang='lat' dir='ltr'>credendum</span> <span class='ocrx_word' id='word_1_257' title='bbox 881 3812 909 3867; x_wconf 83' lang='lat' dir='ltr'><em>R</em></span> <span class='ocrx_word' id='word_1_258' title='bbox 961 3815 996 3869; x_wconf 84' lang='grc'>19</span> <span class='ocrx_word' id='word_1_259' title='bbox 1001 3821 1068 3885; x_wconf 74' lang='lat' dir='ltr'>post</span> <span class='ocrx_word' id='word_1_260' title='bbox 1080 3820 1171 3870; x_wconf 78' lang='lat' dir='ltr'>antam</span> <span class='ocrx_word' id='word_1_261' title='bbox 1186 3832 1244 3871; x_wconf 82' lang='lat' dir='ltr'>ras.</span> <span class='ocrx_word' id='word_1_262' title='bbox 1259 3816 1366 3870; x_wconf 73' lang='lat'><em>2-31.</em></span> <span class='ocrx_word' id='word_1_263' title='bbox 1381 3812 1414 3867; x_wconf 82' lang='lat' dir='ltr'><strong><em>N</em></strong></span> 
     </span>
     <span class='ocr_line' id='line_1_32' title="bbox 240 3900 1409 3973; baseline 0.001 -17"><span class='ocrx_word' id='word_1_264' title='bbox 240 3966 242 3971; x_wconf 23' lang='lat'><strong>¹</strong></span> <span class='ocrx_word' id='word_1_265' title='bbox 261 3902 294 3956; x_wconf 83' lang='lat'>12</span> <span class='ocrx_word' id='word_1_266' title='bbox 312 3903 387 3973; x_wconf 85' lang='lat' dir='ltr'>ipsos</span> <span class='ocrx_word' id='word_1_267' title='bbox 403 3918 455 3955; x_wconf 81' lang='lat' dir='ltr'>om.</span> <span class='ocrx_word' id='word_1_268' title='bbox 477 3900 501 3955; x_wconf 78' lang='lat'><em>0</em></span> <span class='ocrx_word' id='word_1_269' title='bbox 553 3906 680 3956; x_wconf 77' lang='lat' dir='ltr'>accusent</span> <span class='ocrx_word' id='word_1_270' title='bbox 698 3901 726 3954; x_wconf 90' lang='lat' dir='ltr'><em>P</em></span> <span class='ocrx_word' id='word_1_271' title='bbox 742 3907 903 3957; x_wconf 83' lang='lat' dir='ltr'>accusarant</span> <span class='ocrx_word' id='word_1_272' title='bbox 919 3902 953 3957; x_wconf 87' lang='lat' dir='ltr'><em>N</em></span> <span class='ocrx_word' id='word_1_273' title='bbox 968 3908 1049 3968; x_wconf 72' lang='lat' dir='ltr'>(corr.</span> <span class='ocrx_word' id='word_1_274' title='bbox 1068 3902 1276 3973; x_wconf 74' lang='lat' dir='ltr'>accusascntiL</span> <span class='ocrx_word' id='word_1_275' title='bbox 1316 3904 1348 3959; x_wconf 80' lang='lat' dir='ltr'>lt</span> <span class='ocrx_word' id='word_1_276' title='bbox 1360 3919 1409 3957; x_wconf 91' lang='lat' dir='ltr'>uo·</span> 
     </span>
     <span class='ocr_line' id='line_1_33' title="bbox 258 3988 1410 4073; baseline 0.001 -30"><span class='ocrx_word' id='word_1_277' title='bbox 258 3990 371 4051; x_wconf 80' lang='lat' dir='ltr'>luemut</span> <span class='ocrx_word' id='word_1_278' title='bbox 393 3989 463 4043; x_wconf 77' lang='lat' dir='ltr'>onim</span> <span class='ocrx_word' id='word_1_279' title='bbox 486 3989 599 4043; x_wconf 75' lang='lat' dir='ltr'>ueritati</span> <span class='ocrx_word' id='word_1_280' title='bbox 624 3988 674 4043; x_wconf 80' lang='lat' dir='ltr'>GP</span> <span class='ocrx_word' id='word_1_281' title='bbox 695 3988 762 4073; x_wconf 67' lang='lat' dir='ltr'>‘Mt</span> <span class='ocrx_word' id='word_1_282' title='bbox 779 3997 934 4059; x_wconf 61' lang='lat' dir='ltr'>pronora</span> <span class='ocrx_word' id='word_1_283' title='bbox 1025 3994 1058 4046; x_wconf 82' lang='lat'>15</span> <span class='ocrx_word' id='word_1_284' title='bbox 1086 3993 1231 4047; x_wconf 79' lang='lat' dir='ltr'>constituit</span> <span class='ocrx_word' id='word_1_285' title='bbox 1257 3992 1360 4064; x_wconf 82' lang='lat' dir='ltr'>primus</span> <span class='ocrx_word' id='word_1_286' title='bbox 1382 3988 1410 4044; x_wconf 81' lang='lat' dir='ltr'><em>R</em></span> 
     </span>
     <span class='ocr_line' id='line_1_34' title="bbox 262 4077 1411 4149; baseline 0.001 -17"><span class='ocrx_word' id='word_1_287' title='bbox 262 4080 294 4134; x_wconf 80' lang='lat' dir='ltr'>lt</span> <span class='ocrx_word' id='word_1_288' title='bbox 312 4077 546 4132; x_wconf 76' lang='lat' dir='ltr'>resistantantiuuu</span> <span class='ocrx_word' id='word_1_289' title='bbox 565 4077 592 4129; x_wconf 76' lang='lat' dir='ltr'><em>A</em></span> <span class='ocrx_word' id='word_1_290' title='bbox 667 4077 698 4132; x_wconf 78' lang='lat'>17</span> <span class='ocrx_word' id='word_1_291' title='bbox 718 4081 803 4147; x_wconf 84' lang='lat' dir='ltr'>atquo</span> <span class='ocrx_word' id='word_1_292' title='bbox 821 4080 1014 4149; x_wconf 72' lang='lat' dir='ltr'>superantibus</span> <span class='ocrx_word' id='word_1_293' title='bbox 1033 4097 1084 4136; x_wconf 86' lang='lat' dir='ltr'>om.</span> <span class='ocrx_word' id='word_1_294' title='bbox 1104 4080 1141 4134; x_wconf 77' lang='grc' dir='ltr'><em>Μ</em></span> <span class='ocrx_word' id='word_1_295' title='bbox 1212 4080 1246 4135; x_wconf 83' lang='grc'>18</span> <span class='ocrx_word' id='word_1_296' title='bbox 1264 4080 1316 4135; x_wconf 83' lang='lat' dir='ltr'>tali</span> <span class='ocrx_word' id='word_1_297' title='bbox 1335 4083 1411 4146; x_wconf 61' lang='lat' dir='ltr'>(m)</span> 
     </span>
     <span class='ocr_line' id='line_1_35' title="bbox 259 4165 1409 4245; baseline 0.002 -24"><span class='ocrx_word' id='word_1_298' title='bbox 259 4167 328 4237; x_wconf 83' lang='lat' dir='ltr'>talc)</span> <span class='ocrx_word' id='word_1_299' title='bbox 347 4165 457 4236; x_wconf 79' lang='lat' dir='ltr'>qnidO</span> <span class='ocrx_word' id='word_1_300' title='bbox 511 4167 543 4219; x_wconf 88' lang='grc'>19</span> <span class='ocrx_word' id='word_1_301' title='bbox 561 4167 702 4220; x_wconf 84' lang='lat' dir='ltr'>nominare</span> <span class='ocrx_word' id='word_1_302' title='bbox 722 4167 749 4220; x_wconf 89' lang='lat' dir='ltr'><strong><em>P</em></strong></span> <span class='ocrx_word' id='word_1_303' title='bbox 796 4168 833 4222; x_wconf 79' lang='lat'>24</span> <span class='ocrx_word' id='word_1_304' title='bbox 849 4166 1018 4224; x_wconf 82' lang='lat' dir='ltr'>raddcndnm</span> <span class='ocrx_word' id='word_1_305' title='bbox 1037 4170 1141 4232; x_wconf 76' lang='lat' dir='ltr'>nemini</span> <span class='ocrx_word' id='word_1_306' title='bbox 1158 4168 1220 4224; x_wconf 70' lang='lat' dir='ltr'>sdct</span> <span class='ocrx_word' id='word_1_307' title='bbox 1276 4167 1409 4245; x_wconf 76' lang='lat' dir='ltr'>radendas</span> 
     </span>
     <span class='ocr_line' id='line_1_36' title="bbox 260 4253 1415 4329; baseline 0.002 -21"><span class='ocrx_word' id='word_1_308' title='bbox 260 4262 284 4319; x_wconf 89' lang='lat' dir='ltr'>(a</span> <span class='ocrx_word' id='word_1_309' title='bbox 303 4270 372 4311; x_wconf 75' lang='lat' dir='ltr'>eros.</span> <span class='ocrx_word' id='word_1_310' title='bbox 392 4258 457 4309; x_wconf 66' lang='lat' dir='ltr'>nc?</span> <span class='ocrx_word' id='word_1_311' title='bbox 474 4253 605 4317; x_wconf 78' lang='lat' dir='ltr'>radenda)</span> <span class='ocrx_word' id='word_1_312' title='bbox 624 4255 662 4309; x_wconf 79' lang='grc' dir='ltr'><em>Μ</em></span> <span class='ocrx_word' id='word_1_313' title='bbox 754 4256 789 4310; x_wconf 76' lang='grc'>25</span> <span class='ocrx_word' id='word_1_314' title='bbox 808 4254 955 4323; x_wconf 57' lang='lat' dir='ltr'>acciditur</span> <span class='ocrx_word' id='word_1_315' title='bbox 973 4260 1000 4310; x_wconf 76' lang='lat' dir='ltr'><strong><em>A</em></strong></span> <span class='ocrx_word' id='word_1_316' title='bbox 1108 4253 1415 4329; x_wconf 74' lang='lat' dir='ltr'>quisi]qnodqnid1t&#39;·</span> 
     </span>
    </p>

    <p class='ocr_par' dir='ltr' id='par_1_6' title="bbox 295 4341 601 4413">
     <span class='ocr_line' id='line_1_37' title="bbox 295 4341 601 4413; baseline 0 -15"><span class='ocrx_word' id='word_1_317' title='bbox 295 4342 405 4413; x_wconf 76' lang='lat' dir='ltr'>quidam</span> <span class='ocrx_word' id='word_1_318' title='bbox 423 4341 457 4396; x_wconf 80' lang='lat' dir='ltr'>rie</span> <span class='ocrx_word' id='word_1_319' title='bbox 477 4342 554 4397; x_wconf 88' lang='lat' dir='ltr'>uobis</span> <span class='ocrx_word' id='word_1_320' title='bbox 572 4342 601 4398; x_wconf 82' lang='lat' dir='ltr'><em>R</em></span> 
     </span>
    </p>
   </div>
   <div class='ocr_carea' id='block_1_4' title="bbox 0 0 1660 4867">
    <p class='ocr_par' dir='ltr' id='par_1_7' title="bbox 0 0 1660 4867">
     <span class='ocr_line' id='line_1_38' title="bbox 0 0 1660 4867; baseline 0 0"><span class='ocrx_word' id='word_1_321' title='bbox 0 0 1660 4867; x_wconf 95' lang='lat' dir='ltr'> </span> 
     </span>
    </p>
   </div>
  </div>
 </body>
</html>
