3309 4867
585 385 856 491 epistulsrum
883 413 963 477 CXX.
1286 427 1349 492 717

104 635 105 638 ’
199 617 294 694 teret,
327 599 412 698 quod
443 614 483 682 de
519 615 575 682 illo
612 615 767 699 seriptum
799 617 860 693 est,
893 614 969 700 quin
1000 616 1155 684 ceolum
1186 637 1349 685 mensus

201 724 266 791 est
287 722 418 804 palmo
438 723 477 786 et
500 723 647 788 terrem
669 721 840 806 pugillo,
865 721 938 805 quis
957 721 1042 790 enim
1061 722 1172 789 sedent
1193 724 1227 790 iu
1245 724 1349 808 spatio

200 815 300 911 palmi
318 827 369 893 sui
387 831 444 892 sut
460 828 492 892 in
511 831 603 893 tento
616 828 688 894 leco
706 827 804 912 pedes
827 832 935 911 ponet,
956 831 1112 912 quantum
1129 831 1199 896 eius
1221 813 1354 916 pugnus

201 932 428 1017 adprehendit?
450 933 513 999 uisi
535 935 616 1000 forte
637 935 670 999 iu
689 937 816 1000 tentum
835 953 907 1001 curo
925 952 1010 1000 uene
1032 935 1242 1020 progreditur,
1264 939 1302 1002 ut
1320 938 1348 1003 ei

167 1060 313 1124 sperum
337 1041 381 1106 sit
402 1041 704 1108 humencmembrs
725 1040 995 1113 substentisedsi
1012 1041 1162 1122 tribuere,
1187 1042 1271 1108 sies
1288 1062 1349 1109 non
1380 1105 1382 1108 ,

201 1148 298 1213 etiem
325 1149 527 1213 monstruose
554 1146 723 1234 continget
755 1147 812 1213 ubi
843 1147 971 1231 polmus
998 1147 1118 1213 lumbis
1145 1151 1179 1214 et
1205 1148 1349 1233 pugillus

200 1252 318 1338 plantis
345 1251 499 1320 embebns
523 1252 766 1338 coniunctisque
793 1253 840 1320 sit
863 1253 969 1319 letior.
985 1253 1054 1319 -sed
1081 1253 1159 1320 haec
1190 1253 1348 1324 dicuutur.

200 1363 248 1435 nt
267 1378 340 1425 enm
359 1358 421 1424 sibi
437 1376 498 1423 non
519 1360 723 1438 oonueniuut
742 1377 823 1444 quae
841 1360 1008 1430 carnaliter
1025 1358 1185 1439 audimus,
1205 1361 1251 1426 eis
1267 1360 1349 1445 ipsis

200 1465 354 1547 admoniti
375 1462 578 1532 ineffabiliter
600 1465 757 1549 spiritalis
779 1466 970 1551 cogitemus.
1031 1507 1038 1516 ·
1103 1521 1105 1526 .

97 1569 144 1632 15
157 1593 182 1632 ro
246 1571 336 1637 Unde
360 1572 456 1636 etiem
485 1572 513 1636 si
536 1590 651 1656 corpus
675 1571 806 1651 domini,
830 1572 917 1656 quod
940 1571 979 1637 de
1006 1571 1153 1656 sepulcro
1176 1555 1348 1638 excitatum
1398 1651 1404 1661 b

199 1678 323 1743 leuauit
353 1677 384 1741 in
414 1678 548 1756 coelum,
581 1698 641 1744 non
674 1678 737 1743 nisi
762 1679 796 1744 in
829 1677 936 1764 specie
965 1677 1107 1743 humens
1133 1676 1349 1762 membrisque

201 1784 391 1869 cogitamus,
418 1788 610 1851 nontamen
636 1786 684 1849 ito
709 1785 888 1868 putendum
911 1787 962 1850 est
988 1783 1100 1851 sedere
1125 1783 1166 1850 sd
1189 1783 1348 1851 dextoram

200 1889 310 1976 petris,
333 1892 372 1955 ut
388 1890 419 1954 ei
440 1891 530 1972 peter
548 1890 588 1954 ed
611 1890 774 1956 sinistrum
798 1889 907 1955 sedere
925 1888 1083 1962 uidentur.
1104 1888 1138 1954 in
1155 1888 1213 1955 ille
1230 1889 1348 1974 quippo

199 1995 406 2074 beatitudine,
430 2016 510 2079 quse
533 2015 658 2062 omnem
686 1999 817 2080 superet
844 1995 1018 2062 humanum
1040 1993 1252 2075 intellectum,
1280 1994 1349 2061 sole

155 2123 183 2168 ιο
201 2101 330 2180 dextere,
345 2107 396 2167 est
418 2105 451 2166 et
473 2100 582 2167 eodem
605 2101 732 2167 dextere
755 2100 899 2167 eiusdem
922 2099 1128 2166 beatitudiuis
1153 2118 1267 2167 nomeu
1287 2103 1348 2172 est.

114 2293 117 2297 ἤ
200 2209 330 2292 proinde
348 2226 406 2273 nec
428 2207 520 2287 illud,
539 2208 624 2291 quod
642 2210 718 2291 post
734 2208 998 2274 resurrectionem
1017 2225 1108 2271 serem
1122 2206 1202 2272 dixit
1213 2206 1348 2274 Merise:

199 2314 295 2381 Noli
317 2333 375 2380 me
398 2316 578 2400 tangere,
600 2314 770 2380 noudum
793 2313 898 2379 enim
920 2311 1088 2396 essendi
1111 2311 1157 2380 ed
1180 2314 1348 2396 putrem,

199 2432 267 2490 tem
282 2420 424 2486 absurde
442 2420 661 2503 accipiendum
680 2423 741 2498 est,
759 2422 802 2486 ut
820 2418 1026 2484 aestimemus
1045 2436 1130 2497 eum,
1149 2437 1223 2490 cum
1241 2427 1348 2488 escen-

200 2527 310 2607 disset,
334 2525 476 2594 uoluisse
500 2525 667 2591 niominis
689 2525 788 2610 teugi,
811 2525 925 2609 quise
948 2522 1140 2608 tangendum
1163 2521 1243 2592 uiris
1264 2529 1347 2602 ente,

154 2656 182 2696 eo
200 2651 296 2717 quem
318 2631 512 2710 escenderet,
536 2629 691 2715 praebuit.
716 2629 772 2696 sed
790 2629 910 2696 Marino
931 2629 1086 2714 prefecto,
1108 2632 1141 2696 iu
1160 2650 1225 2714 qus
1246 2630 1349 2717 figure

200 2739 334 2805 ecclesie
360 2741 420 2816 ost,
448 2738 573 2822 quondo
600 2738 682 2804 illud
710 2736 799 2816 dixit,
832 2737 976 2822 intellegi
1003 2736 1108 2804 uoluit
1134 2740 1212 2804 tuuc
1239 2756 1347 2804 escen·

199 2847 286 2913 disse
314 2845 353 2911 nd
380 2849 512 2928 petrem,
535 2863 608 2911 cum
635 2845 729 2910 illum
751 2843 835 2927 petri
862 2842 1014 2926 cognouit
1040 2843 1203 2926 sequetem
1231 2848 1264 2910 et
1289 2844 1347 2910 tuli

199 2952 262 3018 fide
296 2951 389 3018 illum
425 2951 595 3018 sulubriter
625 2951 743 3036 tetigit,
780 2970 829 3027 ue,
868 2949 897 3014 si
933 2948 994 3015 hoe
1030 2947 1135 3014 solum
1169 2967 1243 3015 enm
1276 2968 1347 3015 esse

199 3058 350 3137 crederet,
383 3057 468 3142 quod
494 3058 528 3124 in
556 3077 648 3124 carue
679 3061 879 3143 eppsrnerst,
912 3075 974 3122 non
1006 3056 1085 3121 bene
1112 3057 1268 3140 tangeret
1300 3055 1347 3121 sio

152 3190 181 3234 ss
197 3185 272 3232 eum
293 3166 450 3231 Photinus
477 3165 655 3232 teeretious
683 3164 802 3248 tetigit,
829 3162 885 3246 qui
912 3161 1073 3228 hominem
1100 3162 1225 3228 tentum
1252 3159 1346 3227 modo

199 3273 362 3339 cresum
385 3271 529 3337 eremos.
667 3249 675 3282 t

92 3577 94 3580 ,
171 3593 172 3598 ¹
289 3516 485 3580 lne.4o,12
540 3516 574 3570 12
592 3515 674 3569 Mero.
695 3513 738 3581 le,
758 3513 791 3568 19
849 3512 881 3566 17
901 3509 960 3566 ΙοῙι.
979 3507 1023 3574 20,
1044 3510 1076 3564 l?

235 3693 322 3763 lest]
343 3695 385 3746 eet
403 3693 495 3760 potest
516 3688 644 3746 oseae.
707 3688 751 3759 qui
771 3686 877 3748 Pedd
916 3682 1118 3742 reeens
1147 3675 1168 3738 ‘8
1186 3681 1262 3738 loeo·
1279 3682 1364 3751 (feeit-

197 3787 225 3855 ρ)
244 3782 273 3836 Β
342 3784 450 3840 tuens
468 3776 576 3834 euoO
645 3778 794 3847 bpsrnum
816 3774 852 3830 T¹
928 3772 1061 3843 tpslmis
1080 3767 1211 3825 nubebus
1231 3767 1346 3825 ΟΡΤΤ1

196 3870 327 3926 ambobus
344 3868 442 3939 pulmis
460 3867 521 3922 ess
611 3882 664 3936 que
681 3882 734 3921 eor.
753 3864 814 3919 edd.
905 3860 983 3918 sto
1053 3857 1258 3924 sssudiomunus
1277 3860 1345 3925 (roe.

197 3962 269 4013 1-2
286 3959 316 4024 2.)
337 3958 363 4012 B
405 3957 435 4012 11
455 3957 508 4010 nisi
527 3956 566 4025 in]
585 3956 638 4009 uisi
655 3953 772 4010 ΟΡΤΤι
790 3951 851 4007 edd.
914 3949 1034 4006 humens
1050 3946 1189 4018 speeieY
1229 3945 1262 4001 12
1282 3944 1344 4000 dex·

195 4047 313 4103 trsan
367 4046 400 4101 13
419 4044 513 4100 redere
532 4043 607 4110 (sede
625 4045 657 4097 in
673 4059 739 4105 rus..
757 4058 787 4096 re
804 4056 826 4095 s.
845 4043 885 4105 οι.)
904 4039 933 4099 Ρ
1002 4033 1189 4107 1111]ΙιοοΤι
1244 4035 1278 4090 15
1294 4049 1344 4087 uo·

196 4138 289 4191 mium
307 4136 466 4200 (ros.1-2
484 4133 523 4203 1,),
541 4136 604 4189 m.2
622 4148 721 4187 nomen
739 4119 782 4188 B'
849 4129 882 4184 11
900 4130 1005 4198 petrem
1023 4134 1113 4180 meum
1131 4123 1196 4178 Pr*
1215 4121 1275 4176 ead.
1293 4136 1343 4176 sec.

202 4223 279 4295 ch.
367 4221 400 4279 18
419 4221 602 4276 existimemus
621 4219 682 4275 edd.
772 4218 808 4273 20
825 4217 946 4288 figurato
966 4212 1083 4270 omo
1102 4211 1162 4269 edd.
1248 4210 1285 4265 21
1303 4213 1345 4264 est

197 4312 310 4367 ecclesis
332 4311 358 4366 Y
409 4310 444 4365 26
463 4308 601 4366 Chmstum
620 4325 672 4363 oso.
694 4304 772 4361 ΟΡΤ
790 4305 852 4360 edd.
