3309 4867
344 317 407 379 72¹)
708 315 735 370 S.
765 314 902 370 Aureli
931 313 1152 384 Augustini

343 512 487 574 naturum
510 507 653 574 iustitiae
677 508 815 574 similem
841 508 991 593 oogitere,
1016 528 1097 591 quoe
1120 510 1275 588 iustitia,
1300 511 1387 576 eiout
1403 498 1520 589 uterq

343 617 414 680 ‘non
442 614 476 678 in
510 633 544 680 ee
576 614 633 679 aed
660 614 692 678 in
721 614 813 679 nobis
841 613 936 690 uiuit,
965 615 1068 708 immo
1095 616 1206 699 potiue
1232 635 1291 685 uoa
1318 616 1501 683 seeundum

344 719 432 788 illam
464 720 616 796 uiuimus,
648 720 719 803 ipse
739 739 827 785 uero
860 739 916 804 per
947 740 982 786 ae
1009 721 1135 788 iustitio
1159 738 1362 806 nequaquam
1390 723 1501 800 uinst',

344 828 384 892 ed
415 826 477 892 hoo
509 830 546 892 ut
572 826 632 891 tibi
665 828 733 909 ipse
760 827 962 909 respondeas,
993 823 1076 892 illud
1107 809 1242 909 intuere,
1274 833 1382 894 utrum
1410 835 1501 894 reete

344 933 407 999 ‹lici
426 934 531 1018 poerit
548 932 649 999 uitam
669 933 773 1015 ipeem
790 953 853 999 uon
872 934 993 1011 uiuere,
1016 953 1081 1016 qua
1097 933 1144 1016 fit,
1168 938 1206 1001 ut
1223 935 1325 1012 uiuat,
1345 934 1501 1018 quioquid
1532 955 1544 994 r

344 1059 405 1105 non
427 1040 509 1106 falso
533 1040 669 1105 dicimus
693 1040 813 1106 uiuere.
837 1044 916 1124 puto
941 1040 1025 1105 euim
1049 1040 1222 1107 absurdum
1244 1040 1305 1106 tibi
1327 1041 1442 1114 uideri,
1463 1044 1502 1103 ut

344 1147 513 1230 permitam
528 1146 705 1211 uiueturet
723 1145 792 1211 uita
810 1164 872 1210 uon
892 1144 990 1211 uiuet
1010 1165 1103 1230 porro
1119 1147 1148 1212 ei
1162 1147 1231 1213 uite
1244 1145 1317 1230 ipee
1327 1148 1500 1232 praecipue

344 1252 439 1329 uiuit,
463 1271 526 1335 quo
548 1252 631 1316 uiuit
654 1271 756 1328 omne,
781 1252 868 1334 quod
891 1252 984 1330 uiuit,
1008 1254 1122 1344 reoole,
1147 1254 1289 1332 obseoro,
1314 1254 1393 1336 quas
1413 1252 1502 1317 dieat

344 1357 501 1440 scriptura
520 1356 628 1422 diuina
641 1358 761 1423 animae
779 1359 938 1432 mortuam
957 1357 1099 1441 profecto
1117 1358 1261 1424 inuenies
1278 1357 1427 1437 iniustae,
1440 1359 1501 1422 im·

345 1461 424 1546 piae,
443 1450 597 1527 infideles.
621 1481 694 1532 num
712 1461 789 1526 lieet
807 1480 868 1544 per·
880 1461 954 1527 illae
973 1462 1085 1528 uiuant
1102 1481 1234 1546 corpora
1254 1448 1436 1548 impiorum,
1462 1464 1500 1528 de
1518 1491 1539 1529 ιο

345 1568 462 1651 quibus
477 1565 597 1633 dietum
612 1576 672 1643 eet,
685 1567 770 1650 quod
782 1568 925 1634 mortui
943 1569 1134 1653 sepelient
1152 1576 1324 1650 mortuos
1346 1588 1448 1648 euos,
1469 1576 1503 1635 et

344 1674 389 1738 ibi
407 1675 633 1759 intellegentur
647 1674 743 1738 etiam
762 1673 892 1757 iuiquee
909 1676 1033 1739 animae
1052 1695 1111 1741 nou
1133 1676 1290 1742 eseeeiue
1309 1678 1416 1759 eliqua
1431 1675 1501 1751 uita

346 1816 389 1828 -
408 1778 610 1863 nequeenim
629 1777 776 1846 aliterex
800 1780 847 1843 eie
866 1785 998 1862 possent
1021 1800 1154 1862 empore
1175 1782 1285 1846 uiuere
1314 1782 1378 1846 nisi
1401 1780 1501 1865 quali·

347 1906 484 1970 eumque
512 1888 589 1962 uite,
619 1904 682 1967 qua
711 1886 839 1951 omniuo
869 1885 991 1951 animae
1020 1905 1124 1953 cerere
1152 1907 1214 1952 uon
1242 1892 1389 1973 poeeuui,
1415 1888 1500 1951 uude

232 2072 234 2084 Ι
346 1993 530 2065 inmortales
563 1993 676 2056 merito
709 1995 867 2057 uocantur
895 2028 947 2071 -,
976 2012 1036 2058 uon
1064 1997 1171 2058 tumeo
1199 1994 1240 2059 ob
1267 1993 1355 2060 aliud
1383 1994 1536 2058 amissae

346 2098 471 2164 iustitia
494 2099 641 2164 dicuutur
665 2102 821 2174 mortuae,
846 2098 908 2163 uiei
932 2101 1009 2182 quia
1031 2105 1065 2164 et
1087 2100 1263 2165 animarum
1285 2101 1365 2166 lieet
1385 2099 1499 2183 inmor-

346 2205 455 2270 taliter
472 2206 542 2270 uite
557 2205 784 2288 qualicumque
803 2204 982 2270 uiuentium
1002 2205 1108 2271 uerior
1122 2211 1155 2274 et
1172 2206 1273 2272 muior
1290 2199 1359 2271 uite
1375 2205 1499 2271 iustitie

348 2317 399 2378 est
415 2316 578 2395 tamquam
597 2311 666 2376 uita
685 2311 839 2389 uitarum,
856 2330 937 2394 quae
951 2315 1123 2378 eumeunt
1138 2314 1170 2378 iu
1189 2313 1386 2397 emporibus,
1404 2313 1498 2397 etiam

347 2420 417 2502 ipra
445 2435 574 2502 corpora
601 2414 679 2482 uiua
711 2423 796 2494 eunt,
826 2436 907 2500 quae
939 2437 996 2503 per
1027 2437 1062 2485 ee
1093 2419 1165 2502 ipea
1191 2419 1304 2486 uiuere
1330 2421 1493 2503 nequeunt

348 2527 539 2609 quopropter
576 2525 604 2589 si
637 2524 759 2589 animae
792 2543 854 2597 uun
889 2528 1030 2606 poaeunt
1060 2525 1123 2592 nisi
1156 2524 1253 2590 etiem
1284 2525 1317 2589 iu
1355 2542 1390 2589 oe
1420 2522 1499 2607 ipeie
1512 2537 1533 2579 o

347 2636 522 2715 utcumque
553 2631 673 2705 uiuere,
707 2629 781 2713 quia
816 2629 927 2695 exeis
960 2629 1079 2696 uiuunt
1106 2633 1138 2696 et
1165 2649 1306 2712 eorpora,
1340 2628 1499 2713 aquibus

348 2737 474 2802 deserte
491 2737 679 2810 moriuntur,
699 2739 818 2818 quanto
838 2735 942 2824 magio
959 2754 1039 2804 uere
1055 2736 1182 2803 iustitia
1199 2735 1294 2802 etiam
1318 2736 1353 2801 iu
1375 2753 1410 2801 ee
1432 2735 1500 2818 ipra

349 2843 458 2907 uiuere
492 2827 704 2926 intellegenda
732 2847 792 2920 eet,
825 2861 862 2906 eu
890 2861 953 2925 que
984 2842 1032 2908 oio
1059 2843 1178 2907 uiuunt
1207 2843 1342 2918 animae,
1373 2844 1412 2908 ut
1443 2840 1499 2905 hae

349 2948 467 3013 amissa
497 2950 640 3013 mortuae
672 2953 905 3032 nuncupemur,
938 2948 1086 3031 quamuis
1114 2948 1407 3033 quantulocumque
1434 2946 1499 3012 uite

345 3073 411 3120 ‘non
434 3051 580 3119 desinant
602 3054 728 3119 uiuere!
1511 3073 1531 3114 e

299 3171 338 3233 19
393 3161 438 3225 Ea
462 3179 555 3243 porro
578 3161 714 3238 iustitia,
739 3180 821 3244 quae
844 3161 930 3226 uiuit
951 3160 985 3225 iu
1009 3179 1045 3226 ee
1066 3159 1148 3243 ipsa,
1172 3157 1283 3243 procul
1301 3155 1399 3225 auore
1422 3155 1498 3224 deur

350 3271 400 3332 est
424 3271 518 3350 atque
546 3267 853 3335 incommutabiliter
875 3267 970 3332 uiuit.
997 3267 1088 3335 siout,
1107 3268 1225 3345 autem,
1249 3281 1324 3331 oum
1346 3265 1396 3334 eit
1411 3263 1446 3329 in
1467 3278 1500 3327 oe

442 3458 471 3510 ll
492 3456 589 3515 Matio.
609 3455 634 3519 8,
654 3457 689 3509 22

388 3581 399 3633 1
422 3580 523 3633 similes
542 3580 569 3633 P
690 3580 771 3649 quae]
792 3579 857 3649 quia
876 3577 936 3633 eod.
955 3579 1081 3649 Eropum
1098 3578 1157 3636 oo&
1184 3577 1260 3645 vam
1277 3576 1313 3645 of.
1330 3593 1360 3647 p.
1383 3579 1448 3642 702,
1465 3578 1496 3629 21

350 3670 436 3723 imos
454 3670 544 3737 potius
564 3668 624 3722 edd.
658 3661 818 3724 ¹3iustitia
839 3684 888 3738 per
905 3684 934 3721 ae
953 3667 1066 3722 ΟΡΤΥ1
1127 3681 1313 3736 nequa-quum
1330 3665 1360 3721 Β
1407 3666 1496 3736 (ipae

349 3757 402 3810 tibi
419 3756 536 3822 ΟΡΤΤ1
572 3757 686 3811 Somne
706 3756 818 3811 uioitP
855 3757 885 3810 ll
906 3754 1185 3825 sepeuumauptppe'
1202 3754 1261 3809 eod.
1280 3752 1344 3812 Vot.
1383 3750 1495 3809 Mundo

351 3854 380 3898 et
396 3846 562 3901 immortales
580 3844 603 3898 O
642 3847 674 3899 15
695 3844 822 3899 dicuutur
840 3847 964 3898 mortuae
983 3845 1083 3898 amisse
1100 3842 1208 3898 iustitia
1223 3841 1339 3898 omo
1378 3845 1411 3898 le
1428 3837 1493 3914 quod

350 3933 430 3989 codd.
487 3933 518 3987 17
539 3934 727 4002 qualicumque
746 3936 805 3987 uita
826 3931 886 3987 edd.
902 3938 1015 4001 praeter
1034 3949 1076 3987 ae
1138 3933 1170 3986 18
1188 3932 1245 3986 siut
1261 3931 1323 3987 adri.
1337 3936 1493 4000 promeae

353 4025 385 4076 19
404 4024 473 4086 uisa,
492 4022 684 4077 m.2uiueB
775 4024 807 4076 21
830 4025 1048 4091 utcumqueom.
1071 4020 1189 4077 OPTT¹
1233 4035 1238 4054 ⁴
1295 4013 1492 4090 23rioluii¹

352 4113 386 4164 24
405 4111 585 4179 quaiicunque
607 4109 642 4172 T}
693 4110 727 4164 27
747 4111 775 4163 et
795 4107 873 4164 codd.
894 4113 988 4178 (atque
1007 4108 1067 4164 eoo.
1087 4124 1137 4163 oco.
1158 4107 1340 4178 Eupippiom)
1398 4103 1491 4169 eutem}
1531 4157 1535 4168 ,

351 4198 418 4252 haec
439 4197 527 4251 OTT¹
548 4175 645 4251 ruteni
658 4199 726 4251 haec
744 4195 772 4250 P
789 4198 799 4251 1
810 4212 884 4251 erm
