3309 4867
312 356 376 420 710
668 355 695 410 S.
722 353 862 410 Aureli
888 354 1105 425 Augustini

311 547 473 613 infirmum
497 548 558 626 dai,
583 548 668 632 qood
691 548 869 632 sapientius
892 552 925 615 ot
947 548 1062 621 fortius
1081 553 1133 615 cst
1158 549 1353 622 homiuibus,
1380 550 1464 614 inter

312 653 415 720 electa
437 655 537 720 stulta
556 656 589 720 ot
610 653 735 721 infirma
757 655 868 721 fiarent
885 656 1041 722 uoracitor
1063 657 1223 738 sapiontos
1241 661 1274 721 ot
1291 655 1464 722 efficaciter

313 762 422 827 fortas.

223 871 292 937 117
359 866 418 933 Cui
447 869 554 932 autem
582 866 646 933 nisi
672 867 861 933 notissimae
887 866 1003 933 rationi
1029 867 1134 934 fideus
1162 871 1264 954 pietas
1291 867 1462 942 erubescit

312 976 350 1037 ιιι
373 972 530 1056 quandam
553 972 743 1051 idolatriam,
763 992 859 1057 quam
878 974 911 1039 iu
930 975 1025 1041 corde
1043 978 1152 1040 nostro
1175 994 1211 1039 ex
1234 974 1462 1040 consuetudine
1492 997 1507 1036 a

312 1078 492 1144 nisibilinm
512 1080 706 1146 constituero
725 1083 860 1146 conatur
873 1076 1038 1146 'hnmanae
1057 1080 1262 1165 cogitationis
1284 1079 1462 1156 infirmitas,

313 1203 374 1250 nou
399 1185 584 1251 dubitamus
607 1190 747 1251 cuartcrc
776 1205 835 1252 uec
863 1186 1037 1252 audeamus
1061 1186 1187 1274 madero
1214 1187 1260 1254 ita
1282 1205 1353 1252 osso
1374 1186 1462 1251 trini-

313 1295 423 1367 tatem,
444 1309 539 1374 qnam
558 1291 754 1358 inuisibilom
769 1295 802 1357 ot
818 1291 1036 1377 incorpoream
1055 1295 1151 1378 atqua
1168 1292 1461 1362 incommutabilem

313 1398 459 1475 colimus,
483 1398 574 1481 quasi
596 1403 663 1464 tros
687 1398 841 1482 quasdam
864 1399 1012 1465 uiuentes
1035 1399 1137 1466 molas
1157 1399 1235 1466 licat
1256 1398 1417 1465 maximas
1431 1403 1464 1464 ot

312 1503 542 1588 pulcherrimas
561 1524 693 1571 snorum
707 1509 813 1570 tamen
832 1506 975 1571 locorum
995 1505 1109 1589 spatiis
1126 1505 1261 1590 propriis
1278 1506 1462 1571 terminatos
1481 1530 1507 1571 ro

314 1615 353 1690 ctx
379 1610 509 1678 sibimet
534 1611 566 1675 in
596 1610 665 1676 suis
691 1613 772 1678 locis
800 1612 953 1696 contigua
984 1612 1221 1697 propinquitate
1248 1612 1462 1688 cohaerentur,

314 1716 385 1781 siuc
407 1736 472 1781 una
494 1735 602 1783 earnm
626 1718 673 1782 sic
696 1720 728 1783 in
753 1718 858 1783 medio
882 1719 1069 1796 constituta,
1092 1723 1131 1784 ut
1148 1717 1228 1783 duas
1251 1717 1380 1783 dirimat
1401 1718 1461 1783 sibi

315 1841 352 1887 er
382 1822 537 1889 Iatcribus
570 1824 707 1908 singulis
738 1825 875 1903 iunctas,
908 1824 977 1891 sius
1008 1825 1040 1890 iu
1073 1823 1202 1890 modum
1234 1824 1352 1908 trigoni
1383 1823 1462 1888 duas

316 1935 436 1994 ceteras
464 1948 672 2014 unaquaequo
700 1932 875 2016 contingat,
906 1937 944 1997 ut
971 1931 1059 1997 nulla
1085 1932 1124 1997 ab
1152 1931 1258 2014 aliqua
1284 1936 1460 2015 soporatum

315 2053 486 2119 carumque
504 2037 601 2102 trium
620 2041 778 2103 tantarum
799 2057 836 2107 ac
855 2038 969 2103 talium
986 2057 1190 2122 personarum
1209 2038 1287 2103 licat
1302 2037 1336 2103 in
1354 2036 1461 2122 grandi
1481 2065 1507 2103 u

314 2141 407 2206 ualde
425 2143 565 2208 molibus
578 2146 683 2209 tamen
703 2164 721 2208 a
740 2164 866 2210 summo
882 2147 915 2210 ct
931 2146 996 2210 imo
1012 2148 1045 2210 ot
1058 2146 1304 2228 circumquaque
1318 2143 1462 2209 tormina·

314 2254 419 2313 tarum
455 2268 548 2316 unam
582 2249 653 2315 osso
687 2250 889 2315 diuinitatem
925 2251 1046 2334 aliquid
1078 2253 1226 2333 quartum
1262 2268 1320 2315 nco
1356 2250 1461 2327 talam,

317 2354 420 2437 qualis
448 2359 498 2420 ost
524 2348 632 2439 aliquia
654 2376 690 2420 cx
716 2356 794 2436 illis,
823 2358 880 2422 sed
904 2376 1103 2422 communem
1127 2356 1274 2422 omnibus
1300 2359 1462 2439 tamquam

315 2480 432 2526 numen
466 2461 607 2527 omnium
641 2467 673 2528 ct
709 2464 741 2528 in
774 2464 923 2528 omnibus
956 2470 989 2528 ot
1023 2464 1056 2528 in
1089 2463 1226 2548 singulis
1256 2466 1372 2541 totum,
1408 2481 1463 2547 por

317 2587 411 2650 quam
447 2586 542 2632 unam
570 2568 770 2634 diuinitatem
800 2569 926 2634 dicatur
952 2570 1063 2634 cadom
1094 2569 1222 2636 trinitas
1252 2587 1337 2635 nnus
1368 2568 1461 2641 dous:
1478 2597 1509 2640 ω

318 2674 450 2756 eiusque
474 2677 538 2740 tros
561 2693 713 2757 personas
736 2694 894 2758 nusquam
912 2694 984 2741 esso
1007 2676 1069 2742 nisi
1090 2677 1122 2742 in
1147 2675 1254 2752 caulis,
1275 2674 1365 2741 illam
1387 2693 1462 2741 noro

317 2780 519 2845 diuinitatem
562 2799 698 2864 nsquam
721 2800 783 2846 non
803 2799 875 2846 asso
898 2781 953 2846 aed
971 2781 1090 2865 nbiqno
1111 2784 1327 2865 praosontom3
1350 2799 1387 2846 ac
1410 2800 1465 2864 por

317 2886 378 2952 hoc
410 2892 503 2950 recto
528 2886 655 2969 quidem
688 2886 752 2952 dici
784 2887 879 2953 deum
912 2892 945 2953 ot
977 2889 1008 2953 in
1041 2888 1128 2953 caclo
1156 2905 1228 2953 asso
1254 2891 1288 2954 ot
1316 2886 1352 2952 in
1381 2890 1465 2953 turra

316 2999 444 3076 proptor
479 2992 568 3058 illam
601 2993 812 3073 diuinitatem,
846 3013 926 3078 quoe
959 2994 1078 3078 ubique
1109 2993 1154 3058 sit
1183 2993 1348 3076 tribuoque
1379 3010 1465 3060 com·

317 3099 423 3164 munis
456 3099 508 3176 sit
541 3118 603 3164 non
636 3105 743 3165 autem
776 3108 862 3165 racto
889 3100 952 3165 dici
984 3105 1106 3185 patrem
1134 3118 1205 3166 osso
1235 3100 1269 3165 in
1295 3101 1380 3164 tarra
1408 3099 1464 3166 nol
1480 3119 1509 3162 ra

318 3205 418 3269 filium
447 3205 500 3269 nel
532 3205 679 3289 spiritum
713 3213 870 3284 sanctum,
903 3226 976 3272 cum
1006 3207 1082 3272 hnic
1110 3206 1246 3272 minitati
1276 3204 1371 3272 omos
1400 3201 1463 3270 noio

318 3311 379 3376 nisi
407 3311 439 3376 in
468 3313 556 3376 caelo
589 3312 653 3376 sit?
685 3313 779 3377 istam
809 3313 1012 3397 cogitationis
1041 3312 1176 3380 carnaiis
1202 3307 1464 3395 compositionum

318 3435 498 3500 uanumque
517 3417 702 3503 figmentum
722 3419 777 3483 ubi
791 3439 867 3484 uera
880 3421 960 3484 ratio
974 3418 1164 3485 labefactare
1176 3418 1300 3502 incipit,
1314 3419 1464 3485 continno

356 3559 368 3611 1
389 3555 504 3614 firmum.
524 3575 557 3610 m.
576 3564 609 3610 ιιι
626 3558 686 3613 uid.
706 3561 726 3610 2
744 3559 878 3611 infimrom
897 3557 925 3611 B
996 3555 1214 3613 bidolclatriam
1235 3555 1297 3612 aad.
1364 3557 1465 3611 tcon-

319 3648 415 3699 sistere
434 3644 547 3699 ΟΡΤΤ1
618 3646 1028 3701 lorocommom.01>reod.
1101 3644 1234 3716 apatisB
1306 3645 1340 3699 12
1358 3646 1409 3715 uic]
1427 3645 1465 3699 sit

319 3734 378 3788 edd
467 3736 500 3789 15
518 3734 584 3789 licet
602 3735 744 3805 grandium
763 3734 890 3789 unlch
980 3735 1013 3789 17
1032 3733 1137 3805 aliquid
1155 3738 1279 3803 quartam
1297 3733 1390 3788 ΡΤΊ*Ι
1407 3734 1466 3801 fir

320 3824 438 3892 aliquam
464 3829 625 3892 quartarum
649 3825 724 3893 qnasi
751 3831 876 3892 quartam
904 3824 928 3878 0
1037 3822 1071 3878 18
1095 3822 1201 3892 aliqua]
1224 3837 1280 3876 uua
1304 3820 1383 3877 OPT
1402 3822 1464 3876 odd

314 3917 428 3982 praeter
446 3929 470 3965 ιιι
535 3913 567 3965 19
585 3915 696 3980 numen]
716 3929 797 3965 nuum
818 3912 879 3964 edd.
894 3917 1009 3980 practer
1025 3928 1052 3965 n
1105 3910 1141 3965 2⁰
1158 3909 1277 3972 trinitas.
1293 3912 1361 3964 na
1375 3925 1467 3980 m

321 4000 452 4054 diuinitus
466 3999 494 4052 B
546 4001 579 4054 21
601 4001 723 4070 eiusque]
744 4002 801 4054 eius
820 3999 876 4053 PT
879 3999 903 4052 Y
906 3999 914 4033 ¹
973 4000 1009 4052 24
1027 3999 1075 4068 ait]
1096 3996 1218 4053 tow
1235 3996 1297 4054 cdd
1309 4004 1467 4067 produn

320 4090 354 4144 25
374 4090 411 4142 sit
429 4105 480 4144 cm.
499 4105 525 4142 ιιι
596 4089 633 4142 26
652 4091 721 4158 cum]
743 4092 785 4142 cui
841 4089 868 4142 P
886 4089 929 4141 cni
951 4086 1040 4141 ow
1058 4086 1120 4141 odat
1138 4091 1285 4155 procursu
1373 4085 1467 4157 ndei]

320 4177 387 4232 tides
409 4177 525 4232 ΟΡΥΥ1
543 4177 604 4232 cdd.
620 4185 766 4246 praeterio
839 4177 874 4229 28
892 4176 1062 4238 labefactari.
1081 4191 1150 4230 corr.
1168 4179 1230 4232 M
1247 4173 1413 4230 mochum
1429 4175 1468 4230 T·

356 4266 468 4336 incipiet
485 4267 608 4337 Enqc'pps'
626 4265 685 4320 cod.
708 4266 771 4320 Vct.
791 4267 913 4335 coeperit
929 4265 1056 4334 mqippt
1070 4263 1132 4319 cod.
1150 4263 1244 4318 Antr.
