3309 4867
293 379 358 444 482
437 430 447 447 κ
653 376 679 429 S.
708 375 844 430 Aureli
873 368 1092 446 Augustini

293 574 490 637 sacramenta
521 588 596 636 oum
627 570 850 654 peccatoribus
883 560 1163 648 communicando,
1196 569 1283 636 sicut
1312 569 1450 654 putatis,

294 677 389 762 periit
407 676 555 756 ecclesia,
579 696 659 760 quae
682 676 786 742 fuerat
806 677 841 742 in
861 676 936 742 orbs
958 679 1112 742 terrarum
1131 694 1268 742 —nam
1291 696 1350 743 uos
1372 676 1450 742 ideo

293 784 466 868 separastis
504 821 559 862 —,
600 784 663 849 ianr
701 784 789 867 prius
827 786 899 853 tota
933 776 1080 868 perierat,
1123 803 1208 862 curn,
1250 783 1336 849 sicut
1367 781 1452 848 dicit

294 890 481 975 cyprianus,
513 890 546 956 in
574 909 645 957 eam
674 891 741 956 sine
770 891 929 974 baptismo
958 888 1216 969 admittebantur,
1249 909 1287 957 oc
1314 890 1361 956 sic
1387 908 1449 956 nec

292 999 363 1082 ipae
400 997 577 1083 Cyprianus
613 997 761 1079 habebat,
790 997 821 1061 in
851 1015 914 1080 qua
945 996 1081 1062 ecclesia
1107 1000 1300 1077 nasceretur,
1327 1000 1448 1080 quanto
1485 1019 1500 1059 a

252 1148 255 1153 -
295 1105 398 1190 magis
431 1103 535 1169 multo
566 1101 725 1187 posterior
757 1107 867 1169 uester
899 1107 1010 1168 auctor
1041 1106 1193 1187 paterque
1225 1102 1383 1169 Donatus!
1417 1101 1447 1167 si

295 1215 403 1276 autern
427 1211 483 1276 illo
506 1212 660 1293 tempore,
684 1228 758 1276 cunr
781 1208 813 1273 in
834 1227 903 1274 eam
922 1208 990 1274 sine
1008 1207 1167 1292 baptismo
1187 1207 1447 1284 admittebantur,

295 1319 364 1382 arat
400 1319 506 1381 tamen
543 1314 689 1395 ecclesia,
732 1332 813 1397 quae
849 1317 976 1397 pareret
1012 1312 1213 1398 Cyprianum,
1254 1317 1378 1398 pareret
1414 1319 1450 1379 et

295 1424 467 1500 Donatum,
504 1421 709 1488 manifestum
743 1424 794 1486 est
830 1408 893 1487 nou
923 1420 1131 1487 contaminari
1166 1419 1271 1487 iustos
1306 1422 1448 1505 peccatis

296 1529 419 1606 alienis,
443 1528 568 1613 quando
592 1548 664 1594 curn
690 1528 736 1593 eis
760 1530 960 1593 sacramente
981 1527 1225 1594 communicant
1249 1545 1364 1611 seper
1385 1527 1448 1594 hoc
1469 1549 1500 1589 ae

295 1636 537 1720 separationem,
561 1635 757 1718 quaesistis
781 1634 820 1698 ab
845 1633 977 1710 unitate,
1005 1651 1069 1717 qna
1092 1634 1293 1701 excusatione
1315 1633 1447 1718 possitis
1467 1706 1474 1715 p

272 1744 433 1820 abluere,
461 1760 524 1807 uon
552 1742 676 1807 habetis
699 1741 915 1825 impleturque
938 1739 971 1804 in
994 1740 1087 1806 uobis
1116 1744 1243 1834 sanctae
1271 1741 1447 1825 scripturae
1560 1796 1563 1801 ⁴

294 1848 375 1915 illud
413 1847 601 1942 oraculum:v
635 1847 762 1912 Filius
799 1846 922 1911 malus
965 1846 1048 1930 ipse
1086 1865 1124 1913 se
1152 1834 1304 1912 ‘iustum
1341 1844 1446 1922 uicit,

296 1954 437 2021 exitum
460 1957 586 2020 autern
611 1972 721 2019 suum
745 1972 817 2019 non
841 1952 976 2018 abluit
1510 1948 1515 1953 ’

242 2061 285 2126 38
340 2060 464 2127 Meritis
487 2066 594 2125 autern
619 2059 767 2144 Cypriani
791 2059 838 2126 sic
862 2077 923 2124 non
947 2062 1109 2142 aequatur,
1129 2059 1184 2142 qui
1210 2064 1338 2144 propter
1359 2059 1447 2144 paria
1471 2086 1501 2125 ιε

293 2163 493 2235 'sacramenta
520 2185 579 2232 neo
606 2166 696 2250 ipsos
724 2165 903 2231 haereticos
931 2165 1028 2231 audet
1049 2165 1255 2250 rebaptizare,
1279 2166 1364 2231 sicut
1384 2183 1448 2230 nou

296 2279 450 2358 aequatur
476 2272 601 2338 meritis
628 2272 727 2350 Petri,
760 2272 907 2355 quisquis
935 2291 997 2337 non
1026 2272 1113 2357 cogit
1139 2275 1251 2357 gentes
1278 2271 1438 2338 iudaizare

297 2382 353 2447 sed
380 2380 437 2445 illa
459 2380 547 2446 Petri
574 2398 635 2445 uon
663 2384 789 2445 tantum
814 2379 1006 2445 claudicatio
1034 2397 1147 2443 uerum
1175 2379 1272 2444 etiam
1296 2378 1450 2445 correctis

297 2487 462 2572 scripturis
500 2486 661 2552 canonicis
703 2485 898 2561 continetur;
941 2483 1117 2569 Cyprianus
1159 2488 1268 2553 autern
1309 2484 1450 2551 sensisse

238 2651 240 2654 ,
297 2593 388 2658 alitor
409 2592 449 2658 de
473 2592 643 2676 baptismo,
667 2610 764 2675 quam
785 2592 889 2657 forma
912 2595 945 2656 et
967 2592 1164 2657 consuetudo
1188 2591 1327 2658 babebat
1349 2591 1450 2657 eccle·
1471 2615 1503 2656 se

297 2699 374 2783 siae,
413 2717 474 2764 nou
510 2698 543 2763 in
576 2698 735 2763 canonicis
773 2697 831 2763 sed
862 2697 894 2762 in
933 2698 1001 2763 suis
1034 2700 1066 2763 et
1103 2697 1135 2764 in
1168 2697 1295 2765 concilii
1331 2697 1450 2765 litteris

297 2790 468 2873 inuenitur.
504 2805 677 2871 correxisse
704 2807 813 2870 auteur
841 2804 938 2869 istam
966 2803 1157 2869 sententiam
1184 2822 1247 2870 non
1272 2804 1451 2883 inueniturr

297 2933 359 2981 non
383 2914 627 2996 incongruenter
649 2915 754 2977 tamen
774 2911 812 2975 de
837 2911 895 2976 teli
918 2910 986 2976 uiro
1011 2910 1257 2977 existimandum
1280 2915 1339 2991 est,
1363 2909 1451 2994 quod

298 3019 466 3087 correxerit
493 3021 526 3084 et
557 3017 692 3084 fortasse
721 3036 930 3102 suppressum
959 3016 1002 3083 sit
1029 3017 1068 3081 ab
1098 3017 1154 3096 eis,
1181 3018 1236 3101 qui
1258 3017 1320 3085 hoc
1346 3035 1452 3083 errore

297 3126 431 3194 nimium
446 3123 596 3191 delectati
615 3128 690 3190 sunt
704 3127 737 3190 et
749 3128 839 3189 tanto
854 3123 947 3188 uelut
964 3123 1137 3209 patrocinio
1153 3142 1257 3190 carere
1271 3124 1451 3190 noluerunt
1469 3149 1502 3188 as

298 3249 489 3319 quamquam
503 3247 566 3294 non
581 3227 697 3307 desint,
717 3230 772 3312 qui
791 3229 851 3294 hoc
868 3227 1058 3313 cyprianum
1078 3247 1208 3312 prorsus
1228 3224 1290 3295 non
1309 3228 1451 3297 sensisse

299 3337 500 3412 contendant,
533 3335 590 3401 sed
622 3335 682 3401 sub
716 3335 785 3399 eius
818 3333 944 3400 nomine
977 3352 995 3399 a
1026 3334 1322 3417 praesumptoribus
1354 3338 1450 3418 atque

391 3582 423 3637 re
442 3580 523 3633 arou.
542 3581 585 3641 24,
605 3580 640 3635 es
659 3578 715 3649 (aa)
734 3546 785 3635 sie.
806 3581 939 3650 septuag.

336 3739 450 3809 8prius
473 3753 525 3795 ens.
545 3736 572 3791 L
678 3735 1006 3809 tota1qnodtotaCP
1092 3737 1227 3792 talionis
1249 3737 1369 3809 peccatis
1387 3736 1449 3791 cdd.
1481 3772 1489 3783 ·

302 3827 336 3882 10
353 3827 432 3887 hanc,
450 3828 517 3880 eat
539 3824 636 3881 hocP
727 3826 760 3881 12
782 3825 913 3898 impletur
932 3830 995 3894 (om.
1015 3824 1125 3897 que)L
1159 3824 1184 3885 S
1216 3825 1250 3880 13
1266 3825 1356 3897 ipsum
1374 3824 1452 3879 MA.-

301 3916 382 3985 cfip.
403 3916 529 3979 484,19
597 3914 630 3970 15
649 3898 735 3987 paria]
753 3913 897 3984 ueltparia
915 3915 1025 3985 propriu
1042 3913 1070 3967 P
1085 3913 1195 3984 propria
1211 3912 1239 3968 L
1308 3913 1341 3968 ld
1359 3912 1450 3985 bapti-

301 4020 361 4059 aare
378 4003 405 4058 L
469 4002 503 4059 18
521 4011 589 4069 turn,
607 4007 674 4059 sodi
692 4007 800 4058 tantum
818 4002 847 4057 P
910 4002 944 4057 19
962 4002 991 4056 in
1010 4001 1151 4073 scripturis
1168 4000 1204 4057 Μ
1269 4000 1453 4058 conabere

300 4094 332 4148 21
354 4093 382 4146 iu
401 4092 522 4169 conclus
538 4091 562 4147 0
578 4093 685 4148 oondlii
704 4096 767 4158 (om.
786 4093 826 4157 iu)
841 4090 868 4146 L
915 4091 951 4146 24
969 4092 1113 4145 correxerit
1130 4107 1187 4145 roe.
1206 4107 1239 4146 cc
1252 4094 1402 4152 comerent
1414 4090 1454 4145 M

301 4181 416 4236 correxit
433 4178 461 4234 R
516 4181 550 4236 25
569 4184 684 4251 patrono
703 4179 730 4234 L
801 4179 941 4234 noluerint
954 4179 982 4232 A
1031 4176 1066 4233 26
1085 4177 1224 4251 desuntO
1293 4176 1344 4233 boc
1357 4193 1408 4233 osc
1423 4179 1453 4235 R

300 4269 334 4323 27
355 4267 556 4323 contendebant
573 4268 619 4333 (eb
637 4274 709 4337 emp.)
727 4266 755 4321 P
1129 4254 1139 4271 ⁸
