<?xml version="1.0" encoding="UTF-8"?>
<!DOCTYPE html PUBLIC "-//W3C//DTD XHTML 1.0 Transitional//EN"
    "http://www.w3.org/TR/xhtml1/DTD/xhtml1-transitional.dtd">
<html xmlns="http://www.w3.org/1999/xhtml" xml:lang="en" lang="en">
 <head>
  <title>
</title>
<meta http-equiv="Content-Type" content="text/html;charset=utf-8" />
  <meta name='ocr-system' content='tesseract 3.04.00' />
  <meta name='ocr-capabilities' content='ocr_page ocr_carea ocr_par ocr_line ocrx_word'/>
</head>
<body>
  <div class='ocr_page' id='page_1' title='image "./savreliavgvstin00goldgoog_0685.png"; bbox 0 0 3309 4867; ppageno 0'>
   <div class='ocr_carea' id='block_1_1' title="bbox 556 487 1329 560">
    <p class='ocr_par' dir='ltr' id='par_1_1' title="bbox 556 487 1329 560">
     <span class='ocr_line' id='line_1_1' title="bbox 556 487 1329 560; baseline 0.014 -17"><span class='ocrx_word' id='word_1_1' title='bbox 556 488 818 560; x_wconf 78' lang='lat' dir='ltr'><strong>epistularum</strong></span> <span class='ocrx_word' id='word_1_2' title='bbox 847 487 967 546; x_wconf 81' lang='lat' dir='ltr'>CXVIII.</span> <span class='ocrx_word' id='word_1_3' title='bbox 1265 490 1329 556; x_wconf 82' lang='lat'><strong>667</strong></span> 
     </span>
    </p>
   </div>
   <div class='ocr_carea' id='block_1_2' title="bbox 185 681 1434 768">
    <p class='ocr_par' dir='ltr' id='par_1_2' title="bbox 185 681 1434 768">
     <span class='ocr_line' id='line_1_2' title="bbox 185 681 1434 768; baseline 0.003 -21"><span class='ocrx_word' id='word_1_4' title='bbox 185 682 247 747; x_wconf 88' lang='lat' dir='ltr'><strong>tibi</strong></span> <span class='ocrx_word' id='word_1_5' title='bbox 265 681 386 767; x_wconf 78' lang='lat' dir='ltr'><strong>uquuId</strong></span> <span class='ocrx_word' id='word_1_6' title='bbox 404 682 567 750; x_wconf 76' lang='lat' dir='ltr'><strong>dedecoris</strong></span> <span class='ocrx_word' id='word_1_7' title='bbox 585 703 646 751; x_wconf 92' lang='lat' dir='ltr'><strong>non</strong></span> <span class='ocrx_word' id='word_1_8' title='bbox 666 684 834 750; x_wconf 75' lang='lat' dir='ltr'>deberem?</span> <span class='ocrx_word' id='word_1_9' title='bbox 852 686 1002 751; x_wconf 82' lang='lat' dir='ltr'><strong>nimirum</strong></span> <span class='ocrx_word' id='word_1_10' title='bbox 1021 687 1126 768; x_wconf 72' lang='lat' dir='ltr'><strong>putas,</strong></span> <span class='ocrx_word' id='word_1_11' title='bbox 1147 683 1232 767; x_wconf 92' lang='lat' dir='ltr'><strong>quod</strong></span> <span class='ocrx_word' id='word_1_12' title='bbox 1249 702 1331 767; x_wconf 84' lang='lat' dir='ltr'><strong>aqua</strong></span> <span class='ocrx_word' id='word_1_13' title='bbox 1431 755 1434 762; x_wconf 74' lang='grc'>,</span> 
     </span>
    </p>
   </div>
   <div class='ocr_carea' id='block_1_3' title="bbox 108 788 1394 3109">
    <p class='ocr_par' dir='ltr' id='par_1_3' title="bbox 108 788 1394 3109">
     <span class='ocr_line' id='line_1_3' title="bbox 129 788 1332 880; baseline 0 -27"><span class='ocrx_word' id='word_1_14' title='bbox 129 875 131 880; x_wconf 67' lang='lat'>,</span> <span class='ocrx_word' id='word_1_15' title='bbox 185 788 308 854; x_wconf 88' lang='lat' dir='ltr'><strong>marina</strong></span> <span class='ocrx_word' id='word_1_16' title='bbox 329 788 467 855; x_wconf 77' lang='lat' dir='ltr'>dedecus</span> <span class='ocrx_word' id='word_1_17' title='bbox 490 789 647 857; x_wconf 75' lang='lat' dir='ltr'><strong>abluatur.</strong></span> <span class='ocrx_word' id='word_1_18' title='bbox 672 791 755 874; x_wconf 91' lang='lat' dir='ltr'><strong>quod</strong></span> <span class='ocrx_word' id='word_1_19' title='bbox 779 792 808 880; x_wconf 86' lang='lat' dir='ltr'><strong>si</strong></span> <span class='ocrx_word' id='word_1_20' title='bbox 830 792 877 857; x_wconf 85' lang='lat' dir='ltr'><strong>ita</strong></span> <span class='ocrx_word' id='word_1_21' title='bbox 899 794 995 867; x_wconf 81' lang='lat' dir='ltr'><strong>esset,</strong></span> <span class='ocrx_word' id='word_1_22' title='bbox 1022 808 1130 856; x_wconf 92' lang='lat' dir='ltr'><strong>meum</strong></span> <span class='ocrx_word' id='word_1_23' title='bbox 1155 794 1249 868; x_wconf 85' lang='lat' dir='ltr'><strong>certe,</strong></span> <span class='ocrx_word' id='word_1_24' title='bbox 1276 788 1332 872; x_wconf 91' lang='lat' dir='ltr'><strong>qui</strong></span> 
     </span>
     <span class='ocr_line' id='line_1_4' title="bbox 186 880 1007 979; baseline 0 -18"><span class='ocrx_word' id='word_1_25' title='bbox 186 893 395 979; x_wconf 86' lang='lat' dir='ltr'><strong>nauigaturns</strong></span> <span class='ocrx_word' id='word_1_26' title='bbox 417 914 478 961; x_wconf 91' lang='lat' dir='ltr'><strong>uon</strong></span> <span class='ocrx_word' id='word_1_27' title='bbox 501 916 584 974; x_wconf 86' lang='lat' dir='ltr'><strong>enm,</strong></span> <span class='ocrx_word' id='word_1_28' title='bbox 606 897 800 979; x_wconf 84' lang='lat' dir='ltr'><strong>inexpiatum</strong></span> <span class='ocrx_word' id='word_1_29' title='bbox 822 880 1007 963; x_wconf 86' lang='lat' dir='ltr'><strong>remaneret</strong></span> 
     </span>
     <span class='ocr_line' id='line_1_5' title="bbox 117 1000 1352 1098; baseline 0.001 -34"><span class='ocrx_word' id='word_1_30' title='bbox 117 1000 141 1064; x_wconf 84' lang='grc'><strong>3</strong></span> <span class='ocrx_word' id='word_1_31' title='bbox 233 1000 351 1067; x_wconf 86' lang='lat' dir='ltr'><strong>Scribis</strong></span> <span class='ocrx_word' id='word_1_32' title='bbox 375 1001 470 1067; x_wconf 88' lang='lat' dir='ltr'><strong>etiam</strong></span> <span class='ocrx_word' id='word_1_33' title='bbox 494 1020 588 1068; x_wconf 89' lang='lat' dir='ltr'><strong>nosse</strong></span> <span class='ocrx_word' id='word_1_34' title='bbox 610 1022 672 1079; x_wconf 87' lang='lat' dir='ltr'><strong>me,</strong></span> <span class='ocrx_word' id='word_1_35' title='bbox 695 1021 790 1086; x_wconf 86' lang='lat' dir='ltr'><strong>quam</strong></span> <span class='ocrx_word' id='word_1_36' title='bbox 814 1003 873 1070; x_wconf 86' lang='lat' dir='ltr'><strong>tibi</strong></span> <span class='ocrx_word' id='word_1_37' title='bbox 897 1002 1162 1069; x_wconf 88' lang='lat' dir='ltr'><strong>molestissimum</strong></span> <span class='ocrx_word' id='word_1_38' title='bbox 1185 1001 1229 1067; x_wconf 90' lang='lat' dir='ltr'><strong>sit</strong></span> <span class='ocrx_word' id='word_1_39' title='bbox 1247 1000 1352 1098; x_wconf 57' lang='lat' dir='ltr'><strong>oneri⁴</strong></span> 
     </span>
     <span class='ocr_line' id='line_1_6' title="bbox 155 1107 1334 1193; baseline -0.003 -19"><span class='ocrx_word' id='word_1_40' title='bbox 155 1125 259 1174; x_wconf 74' lang='lat' dir='ltr'><strong>nesse</strong></span> <span class='ocrx_word' id='word_1_41' title='bbox 286 1107 434 1190; x_wconf 84' lang='lat' dir='ltr'><strong>cuipiam,</strong></span> <span class='ocrx_word' id='word_1_42' title='bbox 467 1111 501 1174; x_wconf 91' lang='lat' dir='ltr'><strong>et</strong></span> <span class='ocrx_word' id='word_1_43' title='bbox 531 1108 700 1174; x_wconf 78' lang='lat' dir='ltr'><strong>adtestans</strong></span> <span class='ocrx_word' id='word_1_44' title='bbox 732 1110 836 1177; x_wconf 88' lang='lat' dir='ltr'><strong>solum</strong></span> <span class='ocrx_word' id='word_1_45' title='bbox 864 1110 959 1176; x_wconf 90' lang='lat' dir='ltr'><strong>deum</strong></span> <span class='ocrx_word' id='word_1_46' title='bbox 982 1127 1093 1186; x_wconf 86' lang='lat' dir='ltr'><strong>nosse,</strong></span> <span class='ocrx_word' id='word_1_47' title='bbox 1124 1108 1210 1193; x_wconf 89' lang='lat' dir='ltr'><strong>quod</strong></span> <span class='ocrx_word' id='word_1_48' title='bbox 1236 1107 1334 1173; x_wconf 91' lang='lat' dir='ltr'><strong>nimia</strong></span> 
     </span>
     <span class='ocr_line' id='line_1_7' title="bbox 186 1213 1333 1297; baseline -0.001 -17"><span class='ocrx_word' id='word_1_49' title='bbox 186 1215 375 1280; x_wconf 88' lang='lat' dir='ltr'><strong>necessitate</strong></span> <span class='ocrx_word' id='word_1_50' title='bbox 391 1215 539 1297; x_wconf 88' lang='lat' dir='ltr'><strong>inpulsus</strong></span> <span class='ocrx_word' id='word_1_51' title='bbox 557 1213 618 1280; x_wconf 87' lang='lat' dir='ltr'><strong>hoc</strong></span> <span class='ocrx_word' id='word_1_52' title='bbox 640 1215 761 1281; x_wconf 83' lang='lat' dir='ltr'><strong>feceris.</strong></span> <span class='ocrx_word' id='word_1_53' title='bbox 784 1214 837 1282; x_wconf 90' lang='lat' dir='ltr'><strong>hic</strong></span> <span class='ocrx_word' id='word_1_54' title='bbox 857 1234 942 1293; x_wconf 86' lang='lat' dir='ltr'><strong>sane,</strong></span> <span class='ocrx_word' id='word_1_55' title='bbox 962 1232 1035 1280; x_wconf 91' lang='lat' dir='ltr'><strong>cum</strong></span> <span class='ocrx_word' id='word_1_56' title='bbox 1054 1214 1227 1296; x_wconf 76' lang='lat' dir='ltr'>epistulam</span> <span class='ocrx_word' id='word_1_57' title='bbox 1245 1217 1333 1280; x_wconf 85' lang='lat' dir='ltr'><strong>tuem</strong></span> 
     </span>
     <span class='ocr_line' id='line_1_8' title="bbox 185 1319 1333 1406; baseline -0.002 -21"><span class='ocrx_word' id='word_1_58' title='bbox 185 1319 336 1405; x_wconf 81' lang='lat' dir='ltr'><strong>legerem,</strong></span> <span class='ocrx_word' id='word_1_59' title='bbox 364 1321 443 1386; x_wconf 83' lang='lat' dir='ltr'><strong>satin</strong></span> <span class='ocrx_word' id='word_1_60' title='bbox 466 1319 591 1386; x_wconf 86' lang='lat' dir='ltr'><strong>aduerti</strong></span> <span class='ocrx_word' id='word_1_61' title='bbox 612 1320 753 1386; x_wconf 88' lang='lat' dir='ltr'><strong>animum</strong></span> <span class='ocrx_word' id='word_1_62' title='bbox 775 1338 967 1406; x_wconf 77' lang='lat' dir='ltr'><strong>cognoscere</strong></span> <span class='ocrx_word' id='word_1_63' title='bbox 989 1321 1211 1386; x_wconf 88' lang='lat' dir='ltr'><strong>necessitatem</strong></span> <span class='ocrx_word' id='word_1_64' title='bbox 1233 1322 1333 1397; x_wconf 86' lang='lat' dir='ltr'><strong>tuam,</strong></span> 
     </span>
     <span class='ocr_line' id='line_1_9' title="bbox 188 1427 1334 1512; baseline 0 -20"><span class='ocrx_word' id='word_1_65' title='bbox 188 1446 262 1493; x_wconf 94' lang='lat' dir='ltr'><strong>cum</strong></span> <span class='ocrx_word' id='word_1_66' title='bbox 282 1445 355 1493; x_wconf 90' lang='lat' dir='ltr'><strong>ecce</strong></span> <span class='ocrx_word' id='word_1_67' title='bbox 377 1427 456 1492; x_wconf 87' lang='lat' dir='ltr'><strong>mihi</strong></span> <span class='ocrx_word' id='word_1_68' title='bbox 474 1427 577 1493; x_wconf 80' lang='lat' dir='ltr'><strong>adfers</strong></span> <span class='ocrx_word' id='word_1_69' title='bbox 597 1430 629 1493; x_wconf 90' lang='lat' dir='ltr'><strong>et</strong></span> <span class='ocrx_word' id='word_1_70' title='bbox 647 1428 742 1494; x_wconf 86' lang='lat' dir='ltr'><strong>dicis:</strong></span> <span class='ocrx_word' id='word_1_71' title='bbox 761 1428 877 1494; x_wconf 85' lang='lat' dir='ltr'><strong>‘Mores</strong></span> <span class='ocrx_word' id='word_1_72' title='bbox 900 1428 1066 1495; x_wconf 89' lang='lat' dir='ltr'><strong>hominurn</strong></span> <span class='ocrx_word' id='word_1_73' title='bbox 1085 1447 1147 1493; x_wconf 95' lang='lat' dir='ltr'><strong>non</strong></span> <span class='ocrx_word' id='word_1_74' title='bbox 1170 1427 1334 1512; x_wconf 83' lang='lat' dir='ltr'><strong>ignoratis,</strong></span> 
     </span>
     <span class='ocr_line' id='line_1_10' title="bbox 189 1511 1335 1618; baseline 0.001 -22"><span class='ocrx_word' id='word_1_75' title='bbox 189 1532 244 1616; x_wconf 92' lang='lat' dir='ltr'><strong>qui</strong></span> <span class='ocrx_word' id='word_1_76' title='bbox 265 1534 423 1617; x_wconf 89' lang='lat' dir='ltr'><strong>proeliues</strong></span> <span class='ocrx_word' id='word_1_77' title='bbox 447 1537 524 1599; x_wconf 86' lang='lat' dir='ltr'><strong>sunt</strong></span> <span class='ocrx_word' id='word_1_78' title='bbox 541 1511 586 1600; x_wconf 60' lang='lat' dir='ltr'><strong>sti</strong></span> <span class='ocrx_word' id='word_1_79' title='bbox 607 1534 863 1618; x_wconf 66' lang='lat' dir='ltr'><strong>adoperandum,</strong></span> <span class='ocrx_word' id='word_1_80' title='bbox 887 1538 921 1600; x_wconf 90' lang='lat' dir='ltr'><strong>et</strong></span> <span class='ocrx_word' id='word_1_81' title='bbox 942 1553 1048 1618; x_wconf 80' lang='lat' dir='ltr'><strong>quam,</strong></span> <span class='ocrx_word' id='word_1_82' title='bbox 1071 1534 1099 1599; x_wconf 86' lang='lat' dir='ltr'><strong>si</strong></span> <span class='ocrx_word' id='word_1_83' title='bbox 1121 1533 1335 1618; x_wconf 81' lang='lat' dir='ltr'><strong>interrogatus</strong></span> 
     </span>
     <span class='ocr_line' id='line_1_11' title="bbox 142 1640 1334 1724; baseline -0.003 -17"><span class='ocrx_word' id='word_1_84' title='bbox 142 1667 171 1707; x_wconf 77' lang='lat' dir='ltr'><strong>io</strong></span> <span class='ocrx_word' id='word_1_85' title='bbox 189 1640 261 1724; x_wconf 85' lang='lat' dir='ltr'><strong>quis</strong></span> <span class='ocrx_word' id='word_1_86' title='bbox 288 1657 349 1705; x_wconf 91' lang='lat' dir='ltr'><strong>uon</strong></span> <span class='ocrx_word' id='word_1_87' title='bbox 375 1641 581 1724; x_wconf 82' lang='lat' dir='ltr'><strong>responderit,</strong></span> <span class='ocrx_word' id='word_1_88' title='bbox 607 1640 756 1706; x_wconf 85' lang='lat' dir='ltr'><strong>indoctus</strong></span> <span class='ocrx_word' id='word_1_89' title='bbox 780 1644 814 1707; x_wconf 90' lang='lat' dir='ltr'><strong>et</strong></span> <span class='ocrx_word' id='word_1_90' title='bbox 840 1640 937 1707; x_wconf 80' lang='lat' dir='ltr'>hebes</span> <span class='ocrx_word' id='word_1_91' title='bbox 964 1641 1148 1724; x_wconf 88' lang='lat' dir='ltr'><strong>putabitur’.</strong></span> <span class='ocrx_word' id='word_1_92' title='bbox 1176 1640 1237 1705; x_wconf 90' lang='lat' dir='ltr'><strong>hoc</strong></span> <span class='ocrx_word' id='word_1_93' title='bbox 1263 1640 1334 1704; x_wconf 95' lang='lat' dir='ltr'><strong>loco</strong></span> 
     </span>
     <span class='ocr_line' id='line_1_12' title="bbox 187 1745 1336 1832; baseline -0.002 -21"><span class='ocrx_word' id='word_1_94' title='bbox 187 1764 265 1811; x_wconf 88' lang='lat' dir='ltr'><strong>nero</strong></span> <span class='ocrx_word' id='word_1_95' title='bbox 292 1746 392 1811; x_wconf 81' lang='lat' dir='ltr'><strong>exarsi</strong></span> <span class='ocrx_word' id='word_1_96' title='bbox 419 1746 460 1811; x_wconf 87' lang='lat' dir='ltr'><strong>ad</strong></span> <span class='ocrx_word' id='word_1_97' title='bbox 485 1747 720 1817; x_wconf 88' lang='lat' dir='ltr'><strong>rescribendum</strong></span> <span class='ocrx_word' id='word_1_98' title='bbox 748 1747 822 1823; x_wconf 87' lang='lat' dir='ltr'><strong>tibi;</strong></span> <span class='ocrx_word' id='word_1_99' title='bbox 856 1750 916 1814; x_wconf 88' lang='lat' dir='ltr'><strong>hoc</strong></span> <span class='ocrx_word' id='word_1_100' title='bbox 945 1747 1028 1813; x_wconf 90' lang='lat' dir='ltr'><strong>enim</strong></span> <span class='ocrx_word' id='word_1_101' title='bbox 1054 1748 1206 1832; x_wconf 80' lang='lat' dir='ltr'><strong>languore</strong></span> <span class='ocrx_word' id='word_1_102' title='bbox 1238 1745 1336 1811; x_wconf 89' lang='lat' dir='ltr'><strong>animi</strong></span> 
     </span>
     <span class='ocr_line' id='line_1_13' title="bbox 187 1853 1336 1939; baseline -0.002 -21"><span class='ocrx_word' id='word_1_103' title='bbox 187 1853 238 1919; x_wconf 89' lang='lat' dir='ltr'><strong>tui</strong></span> <span class='ocrx_word' id='word_1_104' title='bbox 269 1854 440 1938; x_wconf 85' lang='lat' dir='ltr'><strong>penetrasti</strong></span> <span class='ocrx_word' id='word_1_105' title='bbox 472 1853 553 1918; x_wconf 88' lang='lat' dir='ltr'><strong>mihi</strong></span> <span class='ocrx_word' id='word_1_106' title='bbox 583 1857 697 1939; x_wconf 88' lang='lat' dir='ltr'><strong>peetus</strong></span> <span class='ocrx_word' id='word_1_107' title='bbox 729 1857 763 1920; x_wconf 88' lang='lat' dir='ltr'><strong>et</strong></span> <span class='ocrx_word' id='word_1_108' title='bbox 792 1854 943 1937; x_wconf 88' lang='lat' dir='ltr'><strong>inrupisti</strong></span> <span class='ocrx_word' id='word_1_109' title='bbox 974 1854 1006 1919; x_wconf 92' lang='lat' dir='ltr'><strong>in</strong></span> <span class='ocrx_word' id='word_1_110' title='bbox 1039 1873 1131 1920; x_wconf 90' lang='lat' dir='ltr'><strong>curas</strong></span> <span class='ocrx_word' id='word_1_111' title='bbox 1162 1872 1262 1930; x_wconf 87' lang='lat' dir='ltr'><strong>meas,</strong></span> <span class='ocrx_word' id='word_1_112' title='bbox 1297 1855 1336 1917; x_wconf 94' lang='lat' dir='ltr'><strong>ut</strong></span> 
     </span>
     <span class='ocr_line' id='line_1_14' title="bbox 188 1945 1394 2044; baseline -0.001 -19"><span class='ocrx_word' id='word_1_113' title='bbox 188 1959 389 2027; x_wconf 80' lang='lat' dir='ltr'><strong>dlas&#39;rmularo</strong></span> <span class='ocrx_word' id='word_1_114' title='bbox 410 1978 473 2027; x_wconf 91' lang='lat' dir='ltr'><strong>nou</strong></span> <span class='ocrx_word' id='word_1_115' title='bbox 499 1979 638 2044; x_wconf 86' lang='lat' dir='ltr'><strong>possem,</strong></span> <span class='ocrx_word' id='word_1_116' title='bbox 661 1963 816 2043; x_wconf 89' lang='lat' dir='ltr'><strong>quantum</strong></span> <span class='ocrx_word' id='word_1_117' title='bbox 838 1980 889 2026; x_wconf 90' lang='lat' dir='ltr'><strong>me</strong></span> <span class='ocrx_word' id='word_1_118' title='bbox 912 1961 991 2027; x_wconf 88' lang='lat' dir='ltr'><strong>deus</strong></span> <span class='ocrx_word' id='word_1_119' title='bbox 1021 1960 1194 2039; x_wconf 85' lang='lat' dir='ltr'><strong>adiuuaret,</strong></span> <span class='ocrx_word' id='word_1_120' title='bbox 1217 1960 1336 2026; x_wconf 85' lang='lat' dir='ltr'><strong>mederi</strong></span> <span class='ocrx_word' id='word_1_121' title='bbox 1391 1945 1394 1952; x_wconf 47' lang='lat'><strong>⁴</strong></span> 
     </span>
     <span class='ocr_line' id='line_1_15' title="bbox 187 2065 1336 2152; baseline -0.002 -20"><span class='ocrx_word' id='word_1_122' title='bbox 187 2067 259 2144; x_wconf 84' lang='lat' dir='ltr'><strong>tibi,</strong></span> <span class='ocrx_word' id='word_1_123' title='bbox 291 2084 353 2131; x_wconf 93' lang='lat' dir='ltr'><strong>non</strong></span> <span class='ocrx_word' id='word_1_124' title='bbox 385 2068 424 2131; x_wconf 92' lang='lat' dir='ltr'><strong>ut</strong></span> <span class='ocrx_word' id='word_1_125' title='bbox 449 2066 488 2131; x_wconf 82' lang='lat' dir='ltr'><strong>de</strong></span> <span class='ocrx_word' id='word_1_126' title='bbox 519 2066 585 2133; x_wconf 90' lang='lat' dir='ltr'><strong>tuis</strong></span> <span class='ocrx_word' id='word_1_127' title='bbox 612 2066 853 2150; x_wconf 86' lang='lat' dir='ltr'><strong>quaestionibus</strong></span> <span class='ocrx_word' id='word_1_128' title='bbox 879 2066 1053 2133; x_wconf 76' lang='lat' dir='ltr'><strong>enodandis</strong></span> <span class='ocrx_word' id='word_1_129' title='bbox 1080 2065 1336 2152; x_wconf 75' lang='lat' dir='ltr'><strong>explicandisque</strong></span> 
     </span>
     <span class='ocr_line' id='line_1_16' title="bbox 143 2168 1336 2258; baseline -0.001 -21"><span class='ocrx_word' id='word_1_130' title='bbox 143 2171 375 2258; x_wconf 72' lang='lat' dir='ltr'><strong>recogitarem,</strong></span> <span class='ocrx_word' id='word_1_131' title='bbox 414 2172 470 2238; x_wconf 90' lang='lat' dir='ltr'><strong>sed</strong></span> <span class='ocrx_word' id='word_1_132' title='bbox 505 2175 543 2239; x_wconf 91' lang='lat' dir='ltr'><strong>ut</strong></span> <span class='ocrx_word' id='word_1_133' title='bbox 577 2168 763 2239; x_wconf 74' lang='lat' dir='ltr'><strong>felicitatem</strong></span> <span class='ocrx_word' id='word_1_134' title='bbox 798 2176 889 2240; x_wconf 87' lang='lat' dir='ltr'><strong>tuam</strong></span> <span class='ocrx_word' id='word_1_135' title='bbox 923 2172 1114 2258; x_wconf 82' lang='lat' dir='ltr'><strong>pendentem</strong></span> <span class='ocrx_word' id='word_1_136' title='bbox 1145 2191 1183 2239; x_wconf 85' lang='lat' dir='ltr'><strong>ex</strong></span> <span class='ocrx_word' id='word_1_137' title='bbox 1217 2172 1336 2257; x_wconf 79' lang='lat' dir='ltr'><strong>linguis</strong></span> 
     </span>
     <span class='ocr_line' id='line_1_17' title="bbox 190 2278 1337 2363; baseline -0.002 -18"><span class='ocrx_word' id='word_1_138' title='bbox 190 2279 353 2345; x_wconf 90' lang='lat' dir='ltr'><strong>hominum</strong></span> <span class='ocrx_word' id='word_1_139' title='bbox 368 2284 464 2363; x_wconf 89' lang='lat' dir='ltr'><strong>atque</strong></span> <span class='ocrx_word' id='word_1_140' title='bbox 482 2283 646 2345; x_wconf 67' lang='lat' dir='ltr'><strong>nutenoem</strong></span> <span class='ocrx_word' id='word_1_141' title='bbox 666 2299 685 2345; x_wconf 92' lang='lat' dir='ltr'><strong>a</strong></span> <span class='ocrx_word' id='word_1_142' title='bbox 701 2283 768 2345; x_wconf 90' lang='lat' dir='ltr'><strong>tam</strong></span> <span class='ocrx_word' id='word_1_143' title='bbox 785 2279 906 2348; x_wconf 80' lang='lat' dir='ltr'><strong>infelici</strong></span> <span class='ocrx_word' id='word_1_144' title='bbox 923 2280 1099 2350; x_wconf 89' lang='lat' dir='ltr'><strong>retinaculo</strong></span> <span class='ocrx_word' id='word_1_145' title='bbox 1117 2278 1337 2363; x_wconf 76' lang='lat' dir='ltr'><strong>abrumperem</strong></span> 
     </span>
     <span class='ocr_line' id='line_1_18' title="bbox 192 2385 1337 2470; baseline -0.003 -18"><span class='ocrx_word' id='word_1_146' title='bbox 192 2390 225 2452; x_wconf 90' lang='lat' dir='ltr'><strong>et</strong></span> <span class='ocrx_word' id='word_1_147' title='bbox 242 2385 366 2451; x_wconf 85' lang='lat' dir='ltr'><strong>cuidem</strong></span> <span class='ocrx_word' id='word_1_148' title='bbox 391 2385 459 2451; x_wconf 91' lang='lat' dir='ltr'><strong>sedi</strong></span> <span class='ocrx_word' id='word_1_149' title='bbox 478 2385 602 2452; x_wconf 91' lang='lat' dir='ltr'><strong>omnino</strong></span> <span class='ocrx_word' id='word_1_150' title='bbox 624 2387 833 2452; x_wconf 81' lang='lat' dir='ltr'><strong>inconcussae</strong></span> <span class='ocrx_word' id='word_1_151' title='bbox 856 2385 1027 2469; x_wconf 80' lang='lat' dir='ltr'><strong>stabilique</strong></span> <span class='ocrx_word' id='word_1_152' title='bbox 1049 2385 1227 2470; x_wconf 79' lang='lat' dir='ltr'><strong>religarem.</strong></span> <span class='ocrx_word' id='word_1_153' title='bbox 1249 2386 1337 2463; x_wconf 86' lang='lat' dir='ltr'><strong>tune,</strong></span> 
     </span>
     <span class='ocr_line' id='line_1_19' title="bbox 108 2490 1338 2575; baseline -0.002 -18"><span class='ocrx_word' id='word_1_154' title='bbox 108 2563 112 2566; x_wconf 64' lang='grc'>,</span> <span class='ocrx_word' id='word_1_155' title='bbox 192 2510 211 2557; x_wconf 91' lang='lat' dir='ltr'><strong>o</strong></span> <span class='ocrx_word' id='word_1_156' title='bbox 235 2492 396 2566; x_wconf 76' lang='lat' dir='ltr'><strong>Dioscore</strong></span> <span class='ocrx_word' id='word_1_157' title='bbox 423 2510 482 2558; x_wconf 89' lang='lat' dir='ltr'><strong>nec</strong></span> <span class='ocrx_word' id='word_1_158' title='bbox 503 2492 649 2558; x_wconf 87' lang='lat' dir='ltr'><strong>Persium</strong></span> <span class='ocrx_word' id='word_1_159' title='bbox 672 2495 766 2557; x_wconf 90' lang='lat' dir='ltr'><strong>tuum</strong></span> <span class='ocrx_word' id='word_1_160' title='bbox 791 2491 925 2575; x_wconf 88' lang='lat' dir='ltr'><strong>respicis</strong></span> <span class='ocrx_word' id='word_1_161' title='bbox 952 2491 1159 2557; x_wconf 85' lang='lat' dir='ltr'><strong>Insultantem</strong></span> <span class='ocrx_word' id='word_1_162' title='bbox 1181 2490 1243 2556; x_wconf 88' lang='lat' dir='ltr'><strong>tibi</strong></span> <span class='ocrx_word' id='word_1_163' title='bbox 1265 2509 1338 2556; x_wconf 91' lang='lat' dir='ltr'><strong>con·</strong></span> 
     </span>
     <span class='ocr_line' id='line_1_20' title="bbox 191 2596 1338 2682; baseline -0.001 -19"><span class='ocrx_word' id='word_1_164' title='bbox 191 2602 275 2663; x_wconf 85' lang='lat' dir='ltr'><strong>torto</strong></span> <span class='ocrx_word' id='word_1_165' title='bbox 294 2596 453 2664; x_wconf 86' lang='lat' dir='ltr'><strong>uersiculo</strong></span> <span class='ocrx_word' id='word_1_166' title='bbox 477 2596 533 2662; x_wconf 87' lang='lat' dir='ltr'><strong>sed</strong></span> <span class='ocrx_word' id='word_1_167' title='bbox 550 2597 642 2682; x_wconf 90' lang='lat' dir='ltr'><strong>plane</strong></span> <span class='ocrx_word' id='word_1_168' title='bbox 660 2598 782 2681; x_wconf 84' lang='lat' dir='ltr'><strong>puerile</strong></span> <span class='ocrx_word' id='word_1_169' title='bbox 800 2602 907 2682; x_wconf 83' lang='lat' dir='ltr'><strong>caput,</strong></span> <span class='ocrx_word' id='word_1_170' title='bbox 931 2598 958 2663; x_wconf 90' lang='lat' dir='ltr'><strong>si</strong></span> <span class='ocrx_word' id='word_1_171' title='bbox 978 2615 1090 2662; x_wconf 86' lang='lat' dir='ltr'><strong>sensus</strong></span> <span class='ocrx_word' id='word_1_172' title='bbox 1108 2596 1203 2674; x_wconf 77' lang='lat' dir='ltr'><strong>adsit,</strong></span> <span class='ocrx_word' id='word_1_173' title='bbox 1224 2596 1338 2662; x_wconf 89' lang='lat' dir='ltr'><strong>idoneo</strong></span> 
     </span>
     <span class='ocr_line' id='line_1_21' title="bbox 144 2703 972 2788; baseline -0.001 -18"><span class='ocrx_word' id='word_1_174' title='bbox 144 2729 177 2770; x_wconf 72' lang='lat' dir='ltr'><strong>so</strong></span> <span class='ocrx_word' id='word_1_175' title='bbox 192 2704 326 2785; x_wconf 92' lang='lat' dir='ltr'><strong>colapho</strong></span> <span class='ocrx_word' id='word_1_176' title='bbox 350 2703 593 2770; x_wconf 84' lang='lat' dir='ltr'><strong>contundentem</strong></span> <span class='ocrx_word' id='word_1_177' title='bbox 618 2707 713 2788; x_wconf 87' lang='lat' dir='ltr'><strong>atque</strong></span> <span class='ocrx_word' id='word_1_178' title='bbox 736 2705 972 2773; x_wconf 87' lang='lat' dir='ltr'><strong>cohercentem:</strong></span> 
     </span>
     <span class='ocr_line' id='line_1_22' title="bbox 299 2809 1236 2888; baseline -0.001 -12"><span class='ocrx_word' id='word_1_179' title='bbox 299 2810 385 2877; x_wconf 82' lang='lat' dir='ltr'><strong>Scire</strong></span> <span class='ocrx_word' id='word_1_180' title='bbox 408 2814 501 2875; x_wconf 89' lang='lat' dir='ltr'><strong>tuum</strong></span> <span class='ocrx_word' id='word_1_181' title='bbox 523 2809 681 2888; x_wconf 77' lang='lat' dir='ltr'><strong>uitiiset,</strong></span> <span class='ocrx_word' id='word_1_182' title='bbox 704 2810 766 2876; x_wconf 82' lang='lat' dir='ltr'><strong>nIsi</strong></span> <span class='ocrx_word' id='word_1_183' title='bbox 788 2815 821 2877; x_wconf 92' lang='lat' dir='ltr'><strong>te</strong></span> <span class='ocrx_word' id='word_1_184' title='bbox 844 2811 924 2877; x_wconf 88' lang='lat' dir='ltr'><strong>seire</strong></span> <span class='ocrx_word' id='word_1_185' title='bbox 947 2810 1008 2876; x_wconf 89' lang='lat' dir='ltr'><strong>hoc</strong></span> <span class='ocrx_word' id='word_1_186' title='bbox 1031 2810 1113 2876; x_wconf 89' lang='lat' dir='ltr'><strong>sciat</strong></span> <span class='ocrx_word' id='word_1_187' title='bbox 1134 2809 1236 2877; x_wconf 75' lang='lat' dir='ltr'><strong>alteri</strong></span> 
     </span>
     <span class='ocr_line' id='line_1_23' title="bbox 191 2915 1338 3002; baseline -0.002 -21"><span class='ocrx_word' id='word_1_188' title='bbox 191 2920 251 2990; x_wconf 78' lang='lat' dir='ltr'><strong>tot,</strong></span> <span class='ocrx_word' id='word_1_189' title='bbox 276 2920 312 2982; x_wconf 93' lang='lat' dir='ltr'><strong>ut</strong></span> <span class='ocrx_word' id='word_1_190' title='bbox 330 2918 475 3001; x_wconf 85' lang='lat' dir='ltr'><strong>superius</strong></span> <span class='ocrx_word' id='word_1_191' title='bbox 494 2915 567 2992; x_wconf 76' lang='lat' dir='ltr'><strong>diri,</strong></span> <span class='ocrx_word' id='word_1_192' title='bbox 590 2915 699 3001; x_wconf 80' lang='lat' dir='ltr'><strong>leginti</strong></span> <span class='ocrx_word' id='word_1_193' title='bbox 718 2916 874 3002; x_wconf 78' lang='lat' dir='ltr'><strong>dialogos,</strong></span> <span class='ocrx_word' id='word_1_194' title='bbox 895 2919 947 2981; x_wconf 84' lang='lat' dir='ltr'><strong>tot</strong></span> <span class='ocrx_word' id='word_1_195' title='bbox 963 2915 1227 2999; x_wconf 86' lang='lat' dir='ltr'><strong>philosophorum</strong></span> <span class='ocrx_word' id='word_1_196' title='bbox 1246 2916 1338 2980; x_wconf 86' lang='lat' dir='ltr'><strong>elter-</strong></span> 
     </span>
     <span class='ocr_line' id='line_1_24' title="bbox 192 3020 1337 3109; baseline -0.003 -20"><span class='ocrx_word' id='word_1_197' title='bbox 192 3022 368 3089; x_wconf 89' lang='lat' dir='ltr'><strong>cationibus</strong></span> <span class='ocrx_word' id='word_1_198' title='bbox 392 3042 446 3089; x_wconf 89' lang='lat' dir='ltr'><strong>cor</strong></span> <span class='ocrx_word' id='word_1_199' title='bbox 470 3024 649 3088; x_wconf 84' lang='lat' dir='ltr'><strong>inseruisti!</strong></span> <span class='ocrx_word' id='word_1_200' title='bbox 679 3023 729 3088; x_wconf 94' lang='lat' dir='ltr'><strong>dic</strong></span> <span class='ocrx_word' id='word_1_201' title='bbox 751 3023 841 3102; x_wconf 81' lang='lat' dir='ltr'><strong>milui,</strong></span> <span class='ocrx_word' id='word_1_202' title='bbox 865 3040 995 3109; x_wconf 66' lang='lat' dir='ltr'><strong>quaeso2</strong></span> <span class='ocrx_word' id='word_1_203' title='bbox 1018 3023 1089 3106; x_wconf 90' lang='lat' dir='ltr'><strong>quis</strong></span> <span class='ocrx_word' id='word_1_204' title='bbox 1112 3041 1223 3088; x_wconf 89' lang='lat' dir='ltr'><strong>eornm</strong></span> <span class='ocrx_word' id='word_1_205' title='bbox 1244 3020 1337 3087; x_wconf 83' lang='lat' dir='ltr'><strong>finem</strong></span> 
     </span>
    </p>
   </div>
   <div class='ocr_carea' id='block_1_4' title="bbox 191 3194 1338 3347">
    <p class='ocr_par' dir='ltr' id='par_1_4' title="bbox 191 3194 1338 3347">
     <span class='ocr_line' id='line_1_25' title="bbox 279 3194 1338 3268; baseline -0.002 -18"><span class='ocrx_word' id='word_1_206' title='bbox 279 3196 351 3251; x_wconf 82' lang='grc'><strong>4-6</strong></span> <span class='ocrx_word' id='word_1_207' title='bbox 369 3195 403 3250; x_wconf 81' lang='lat' dir='ltr'><strong>ei.</strong></span> <span class='ocrx_word' id='word_1_208' title='bbox 422 3214 449 3266; x_wconf 93' lang='lat' dir='ltr'><strong>p.</strong></span> <span class='ocrx_word' id='word_1_209' title='bbox 468 3197 530 3260; x_wconf 82' lang='grc'>664,</span> <span class='ocrx_word' id='word_1_210' title='bbox 550 3196 655 3251; x_wconf 79' lang='grc'><strong>12-14</strong></span> <span class='ocrx_word' id='word_1_211' title='bbox 739 3196 829 3252; x_wconf 84' lang='grc'><strong>8-10</strong></span> <span class='ocrx_word' id='word_1_212' title='bbox 842 3220 877 3244; x_wconf 91' lang='lat'>=</span> <span class='ocrx_word' id='word_1_213' title='bbox 890 3213 917 3268; x_wconf 89' lang='lat' dir='ltr'><strong>p.</strong></span> <span class='ocrx_word' id='word_1_214' title='bbox 933 3196 994 3260; x_wconf 82' lang='grc'>664,</span> <span class='ocrx_word' id='word_1_215' title='bbox 1015 3195 1132 3259; x_wconf 72' lang='grc' dir='ltr'><strong>15-11ς</strong></span> <span class='ocrx_word' id='word_1_216' title='bbox 1151 3194 1214 3263; x_wconf 82' lang='grc'>668,</span> <span class='ocrx_word' id='word_1_217' title='bbox 1231 3194 1338 3249; x_wconf 75' lang='grc'><strong>22-15</strong></span> 
     </span>
     <span class='ocr_line' id='line_1_26' title="bbox 191 3284 487 3347; baseline -0.003 -8"><span class='ocrx_word' id='word_1_218' title='bbox 191 3285 225 3340; x_wconf 80' lang='lat'><strong>21</strong></span> <span class='ocrx_word' id='word_1_219' title='bbox 244 3284 318 3339; x_wconf 82' lang='lat' dir='ltr'><strong>l&#39;ere.</strong></span> <span class='ocrx_word' id='word_1_220' title='bbox 338 3287 389 3338; x_wconf 78' lang='lat' dir='ltr'><strong>set.</strong></span> <span class='ocrx_word' id='word_1_221' title='bbox 409 3285 433 3347; x_wconf 86' lang='lat'><strong>1,</strong></span> <span class='ocrx_word' id='word_1_222' title='bbox 452 3284 487 3338; x_wconf 75' lang='grc'><strong>27</strong></span> 
     </span>
    </p>
   </div>
   <div class='ocr_carea' id='block_1_5' title="bbox 188 3404 1341 4437">
    <p class='ocr_par' dir='ltr' id='par_1_5' title="bbox 191 3404 1339 3731">
     <span class='ocr_line' id='line_1_27' title="bbox 230 3404 1339 3478; baseline -0.003 -17"><span class='ocrx_word' id='word_1_223' title='bbox 230 3408 243 3461; x_wconf 91' lang='grc'><strong>1</strong></span> <span class='ocrx_word' id='word_1_224' title='bbox 264 3424 317 3477; x_wconf 90' lang='lat' dir='ltr'><strong>quo</strong></span> <span class='ocrx_word' id='word_1_225' title='bbox 336 3407 363 3461; x_wconf 95' lang='lat' dir='ltr'><strong><em>A</em></strong></span> <span class='ocrx_word' id='word_1_226' title='bbox 430 3408 446 3461; x_wconf 86' lang='lat'><strong>2</strong></span> <span class='ocrx_word' id='word_1_227' title='bbox 464 3407 594 3462; x_wconf 80' lang='lat' dir='ltr'><strong>mnriiinn</strong></span> <span class='ocrx_word' id='word_1_228' title='bbox 611 3407 646 3474; x_wconf 85' lang='lat' dir='ltr'><strong>(ti</strong></span> <span class='ocrx_word' id='word_1_229' title='bbox 663 3423 724 3478; x_wconf 74' lang='lat' dir='ltr'><strong>arcp.</strong></span> <span class='ocrx_word' id='word_1_230' title='bbox 742 3412 812 3476; x_wconf 67' lang='grc' dir='ltr'><strong>Μ)</strong></span> <span class='ocrx_word' id='word_1_231' title='bbox 830 3408 859 3463; x_wconf 88' lang='lat' dir='ltr'><strong><em>P</em></strong></span> <span class='ocrx_word' id='word_1_232' title='bbox 929 3406 1025 3462; x_wconf 81' lang='lat' dir='ltr'><strong>abluat</strong></span> <span class='ocrx_word' id='word_1_233' title='bbox 1041 3406 1070 3462; x_wconf 82' lang='lat' dir='ltr'><em>R</em></span> <span class='ocrx_word' id='word_1_234' title='bbox 1141 3404 1165 3459; x_wconf 86' lang='lat' dir='ltr'><strong>si</strong></span> <span class='ocrx_word' id='word_1_235' title='bbox 1182 3405 1224 3460; x_wconf 76' lang='lat' dir='ltr'><strong>its</strong></span> <span class='ocrx_word' id='word_1_236' title='bbox 1241 3420 1293 3460; x_wconf 75' lang='lat' dir='ltr'><strong>om.</strong></span> <span class='ocrx_word' id='word_1_237' title='bbox 1311 3404 1339 3458; x_wconf 98' lang='lat' dir='ltr'><strong><em>A</em></strong></span> 
     </span>
     <span class='ocr_line' id='line_1_28' title="bbox 193 3493 1339 3579; baseline -0.006 -27"><span class='ocrx_word' id='word_1_238' title='bbox 193 3497 209 3552; x_wconf 87' lang='grc'><strong>3</strong></span> <span class='ocrx_word' id='word_1_239' title='bbox 227 3500 349 3552; x_wconf 79' lang='lat' dir='ltr'><strong>remnnet</strong></span> <span class='ocrx_word' id='word_1_240' title='bbox 367 3499 394 3551; x_wconf 89' lang='lat' dir='ltr'><strong><em>A</em></strong></span> <span class='ocrx_word' id='word_1_241' title='bbox 412 3501 563 3551; x_wconf 73' lang='lat' dir='ltr'><strong>remuneret</strong></span> <span class='ocrx_word' id='word_1_242' title='bbox 581 3499 610 3551; x_wconf 86' lang='lat' dir='ltr'><strong>et</strong></span> <span class='ocrx_word' id='word_1_243' title='bbox 626 3496 697 3551; x_wconf 66' lang='grc' dir='ltr'><strong>ΡΨ</strong></span> <span class='ocrx_word' id='word_1_244' title='bbox 775 3499 791 3552; x_wconf 79' lang='lat' dir='ltr'>I</span> <span class='ocrx_word' id='word_1_245' title='bbox 809 3496 899 3564; x_wconf 64' lang='lat' dir='ltr'><strong>uoueri</strong></span> <span class='ocrx_word' id='word_1_246' title='bbox 917 3495 955 3552; x_wconf 82' lang='lat' dir='ltr'><strong><em>M</em></strong></span> <span class='ocrx_word' id='word_1_247' title='bbox 1031 3497 1048 3550; x_wconf 81' lang='lat'><strong>5</strong></span> <span class='ocrx_word' id='word_1_248' title='bbox 1067 3494 1173 3579; x_wconf 75' lang='lat' dir='ltr'><strong>cupium</strong></span> <span class='ocrx_word' id='word_1_249' title='bbox 1191 3493 1247 3548; x_wconf 88' lang='lat' dir='ltr'><strong>AP</strong></span> <span class='ocrx_word' id='word_1_250' title='bbox 1264 3495 1339 3559; x_wconf 72' lang='lat' dir='ltr'><strong>(n.2</strong></span> 
     </span>
     <span class='ocr_line' id='line_1_29' title="bbox 192 3581 1338 3656; baseline -0.005 -16"><span class='ocrx_word' id='word_1_251' title='bbox 192 3586 320 3656; x_wconf 81' lang='lat' dir='ltr'><strong>cuipiam)</strong></span> <span class='ocrx_word' id='word_1_252' title='bbox 344 3584 371 3639; x_wconf 86' lang='lat' dir='ltr'><strong><em>V</em></strong></span> <span class='ocrx_word' id='word_1_253' title='bbox 421 3587 438 3641; x_wconf 87' lang='grc'>6</span> <span class='ocrx_word' id='word_1_254' title='bbox 457 3584 609 3655; x_wconf 83' lang='lat' dir='ltr'><strong>compulsus</strong></span> <span class='ocrx_word' id='word_1_255' title='bbox 628 3586 655 3642; x_wconf 84' lang='lat' dir='ltr'><em>R</em></span> <span class='ocrx_word' id='word_1_256' title='bbox 709 3587 725 3640; x_wconf 86' lang='grc'><strong>1</strong></span> <span class='ocrx_word' id='word_1_257' title='bbox 745 3587 874 3653; x_wconf 83' lang='lat' dir='ltr'><strong>animum,</strong></span> <span class='ocrx_word' id='word_1_258' title='bbox 890 3588 958 3640; x_wconf 65' lang='grc' dir='ltr'><em>Μ</em></span> <span class='ocrx_word' id='word_1_259' title='bbox 975 3583 1065 3639; x_wconf 74' lang='lat' dir='ltr'><strong>animo</strong></span> <span class='ocrx_word' id='word_1_260' title='bbox 1078 3581 1105 3636; x_wconf 92' lang='lat' dir='ltr'><strong><em>P</em></strong></span> <span class='ocrx_word' id='word_1_261' title='bbox 1153 3583 1171 3637; x_wconf 88' lang='lat'><strong>8</strong></span> <span class='ocrx_word' id='word_1_262' title='bbox 1188 3582 1256 3636; x_wconf 87' lang='lat' dir='ltr'><strong>mihi</strong></span> <span class='ocrx_word' id='word_1_263' title='bbox 1274 3597 1338 3646; x_wconf 75' lang='lat' dir='ltr'><strong>cun,</strong></span> 
     </span>
     <span class='ocr_line' id='line_1_30' title="bbox 191 3667 1339 3731; baseline -0.007 -2"><span class='ocrx_word' id='word_1_264' title='bbox 191 3678 252 3731; x_wconf 74' lang='lat' dir='ltr'><strong>nni</strong></span> <span class='ocrx_word' id='word_1_265' title='bbox 270 3673 335 3731; x_wconf 80' lang='lat' dir='ltr'><strong>odd.</strong></span> <span class='ocrx_word' id='word_1_266' title='bbox 353 3673 392 3729; x_wconf 92' lang='grc' dir='ltr'><em>Μ</em></span> <span class='ocrx_word' id='word_1_267' title='bbox 460 3673 555 3728; x_wconf 56' lang='lat' dir='ltr'><strong>&amp;eree</strong></span> <span class='ocrx_word' id='word_1_268' title='bbox 573 3673 610 3727; x_wconf 84' lang='grc' dir='ltr'><em>Μ</em></span> <span class='ocrx_word' id='word_1_269' title='bbox 663 3674 697 3729; x_wconf 85' lang='lat' dir='ltr'><strong>lo</strong></span> <span class='ocrx_word' id='word_1_270' title='bbox 714 3690 768 3729; x_wconf 94' lang='lat' dir='ltr'><strong>non</strong></span> <span class='ocrx_word' id='word_1_271' title='bbox 787 3690 838 3729; x_wconf 78' lang='lat' dir='ltr'><strong>om.</strong></span> <span class='ocrx_word' id='word_1_272' title='bbox 857 3674 885 3728; x_wconf 97' lang='lat' dir='ltr'><strong><em>A</em></strong></span> <span class='ocrx_word' id='word_1_273' title='bbox 936 3674 968 3727; x_wconf 91' lang='lat'><strong>11</strong></span> <span class='ocrx_word' id='word_1_274' title='bbox 989 3672 1065 3730; x_wconf 81' lang='lat' dir='ltr'><strong>uerol</strong></span> <span class='ocrx_word' id='word_1_275' title='bbox 1086 3671 1157 3726; x_wconf 85' lang='lat' dir='ltr'><strong>enim</strong></span> <span class='ocrx_word' id='word_1_276' title='bbox 1175 3667 1204 3724; x_wconf 82' lang='grc' dir='ltr'><em>Β</em></span> <span class='ocrx_word' id='word_1_277' title='bbox 1222 3684 1286 3723; x_wconf 85' lang='lat' dir='ltr'><strong>uere</strong></span> <span class='ocrx_word' id='word_1_278' title='bbox 1306 3669 1339 3722; x_wconf 79' lang='lat' dir='ltr'><strong>ir</strong></span> 
     </span>
    </p>

    <p class='ocr_par' dir='ltr' id='par_1_6' title="bbox 188 3755 1341 4437">
     <span class='ocr_line' id='line_1_31' title="bbox 227 3755 1339 3834; baseline -0.006 -16"><span class='ocrx_word' id='word_1_279' title='bbox 227 3763 311 3833; x_wconf 87' lang='lat' dir='ltr'><strong>enirn]</strong></span> <span class='ocrx_word' id='word_1_280' title='bbox 331 3778 395 3816; x_wconf 88' lang='lat' dir='ltr'><strong>uero</strong></span> <span class='ocrx_word' id='word_1_281' title='bbox 413 3760 441 3817; x_wconf 80' lang='lat' dir='ltr'><em>R</em></span> <span class='ocrx_word' id='word_1_282' title='bbox 497 3757 530 3817; x_wconf 76' lang='lat'><strong>12</strong></span> <span class='ocrx_word' id='word_1_283' title='bbox 546 3762 627 3834; x_wconf 88' lang='lat' dir='ltr'><strong>mihi]</strong></span> <span class='ocrx_word' id='word_1_284' title='bbox 646 3763 699 3817; x_wconf 90' lang='lat' dir='ltr'><strong>tibi</strong></span> <span class='ocrx_word' id='word_1_285' title='bbox 712 3763 741 3816; x_wconf 89' lang='lat' dir='ltr'><strong><em>A</em></strong></span> <span class='ocrx_word' id='word_1_286' title='bbox 797 3763 830 3818; x_wconf 78' lang='lat'><strong>13</strong></span> <span class='ocrx_word' id='word_1_287' title='bbox 848 3761 966 3820; x_wconf 81' lang='lat' dir='ltr'><strong>mederi·</strong></span> <span class='ocrx_word' id='word_1_288' title='bbox 979 3760 1017 3816; x_wconf 89' lang='grc' dir='ltr'><em>Μ</em></span> <span class='ocrx_word' id='word_1_289' title='bbox 1070 3760 1104 3814; x_wconf 81' lang='grc'><strong>14</strong></span> <span class='ocrx_word' id='word_1_290' title='bbox 1123 3755 1298 3813; x_wconf 74' lang='lat' dir='ltr'><strong>enucleandis</strong></span> <span class='ocrx_word' id='word_1_291' title='bbox 1312 3758 1339 3811; x_wconf 93' lang='lat' dir='ltr'><strong><em>A</em></strong></span> 
     </span>
     <span class='ocr_line' id='line_1_32' title="bbox 193 3847 1338 3921; baseline -0.008 -13"><span class='ocrx_word' id='word_1_292' title='bbox 193 3854 226 3908; x_wconf 79' lang='lat'><strong>15</strong></span> <span class='ocrx_word' id='word_1_293' title='bbox 245 3851 406 3921; x_wconf 75' lang='lat' dir='ltr'><strong>pendentem</strong></span> <span class='ocrx_word' id='word_1_294' title='bbox 425 3850 585 3908; x_wconf 74' lang='lat' dir='ltr'><strong>felicitatem</strong></span> <span class='ocrx_word' id='word_1_295' title='bbox 605 3854 681 3906; x_wconf 72' lang='lat' dir='ltr'><strong>tuam</strong></span> <span class='ocrx_word' id='word_1_296' title='bbox 699 3852 727 3908; x_wconf 84' lang='lat' dir='ltr'><em>R</em></span> <span class='ocrx_word' id='word_1_297' title='bbox 799 3852 834 3907; x_wconf 93' lang='grc'><strong>16</strong></span> <span class='ocrx_word' id='word_1_298' title='bbox 851 3853 995 3905; x_wconf 62' lang='lat' dir='ltr'><strong>nuuntem</strong></span> <span class='ocrx_word' id='word_1_299' title='bbox 1016 3851 1088 3916; x_wconf 74' lang='lat' dir='ltr'><strong>(oni</strong></span> <span class='ocrx_word' id='word_1_300' title='bbox 1106 3863 1196 3917; x_wconf 69' lang='lat' dir='ltr'><strong>aspro</strong></span> <span class='ocrx_word' id='word_1_301' title='bbox 1211 3847 1226 3900; x_wconf 80' lang='lat' dir='ltr'><strong>d</strong></span> <span class='ocrx_word' id='word_1_302' title='bbox 1243 3849 1338 3900; x_wconf 75' lang='lat' dir='ltr'><strong>natou-</strong></span> 
     </span>
     <span class='ocr_line' id='line_1_33' title="bbox 190 3937 1338 4010; baseline -0.008 -15"><span class='ocrx_word' id='word_1_303' title='bbox 190 3943 259 4010; x_wconf 72' lang='lat' dir='ltr'><strong>tem)</strong></span> <span class='ocrx_word' id='word_1_304' title='bbox 277 3956 294 3993; x_wconf 85' lang='lat' dir='ltr'><strong>a</strong></span> <span class='ocrx_word' id='word_1_305' title='bbox 310 3943 367 3994; x_wconf 61' lang='lat' dir='ltr'><strong>mm</strong></span> <span class='ocrx_word' id='word_1_306' title='bbox 385 3940 413 3995; x_wconf 83' lang='lat' dir='ltr'><em>R</em></span> <span class='ocrx_word' id='word_1_307' title='bbox 431 3943 574 3994; x_wconf 75' lang='lat' dir='ltr'><strong>nutantem</strong></span> <span class='ocrx_word' id='word_1_308' title='bbox 592 3956 622 3993; x_wconf 77' lang='lat' dir='ltr'><strong>a·</strong></span> <span class='ocrx_word' id='word_1_309' title='bbox 641 3937 670 4010; x_wconf 92' lang='lat' dir='ltr'><strong>(d</strong></span> <span class='ocrx_word' id='word_1_310' title='bbox 689 3945 771 4006; x_wconf 76' lang='lat' dir='ltr'><strong>erce)</strong></span> <span class='ocrx_word' id='word_1_311' title='bbox 790 3943 849 3994; x_wconf 84' lang='lat' dir='ltr'><strong>tam</strong></span> <span class='ocrx_word' id='word_1_312' title='bbox 863 3940 890 3994; x_wconf 88' lang='lat' dir='ltr'><em>P</em></span> <span class='ocrx_word' id='word_1_313' title='bbox 906 3940 1007 3994; x_wconf 58' lang='lat' dir='ltr'><strong>nubet</strong></span> <span class='ocrx_word' id='word_1_314' title='bbox 1024 3940 1133 3997; x_wconf 79' lang='lat' dir='ltr'><strong>emtam.</strong></span> <span class='ocrx_word' id='word_1_315' title='bbox 1151 3951 1221 3990; x_wconf 80' lang='lat' dir='ltr'><strong>corr.</strong></span> <span class='ocrx_word' id='word_1_316' title='bbox 1240 3937 1338 3988; x_wconf 85' lang='lat' dir='ltr'><strong>nutan-</strong></span> 
     </span>
     <span class='ocr_line' id='line_1_34' title="bbox 188 4022 1338 4098; baseline -0.006 -14"><span class='ocrx_word' id='word_1_317' title='bbox 188 4032 247 4084; x_wconf 84' lang='lat' dir='ltr'><strong>tem</strong></span> <span class='ocrx_word' id='word_1_318' title='bbox 265 4033 321 4082; x_wconf 87' lang='lat' dir='ltr'><strong>tam</strong></span> <span class='ocrx_word' id='word_1_319' title='bbox 340 4028 377 4084; x_wconf 87' lang='grc' dir='ltr'><em>Μ</em></span> <span class='ocrx_word' id='word_1_320' title='bbox 444 4028 476 4081; x_wconf 82' lang='grc'><strong>17</strong></span> <span class='ocrx_word' id='word_1_321' title='bbox 495 4028 554 4082; x_wconf 84' lang='lat' dir='ltr'><strong>sedi</strong></span> <span class='ocrx_word' id='word_1_322' title='bbox 572 4031 665 4098; x_wconf 73' lang='lat' dir='ltr'><strong>(super</strong></span> <span class='ocrx_word' id='word_1_323' title='bbox 682 4028 806 4096; x_wconf 78' lang='lat' dir='ltr'><strong>ipcruo</strong></span> <span class='ocrx_word' id='word_1_324' title='bbox 822 4032 893 4092; x_wconf 77' lang='lat' dir='ltr'><strong>roo.)</strong></span> <span class='ocrx_word' id='word_1_325' title='bbox 913 4027 1024 4092; x_wconf 85' lang='lat' dir='ltr'><strong>omninq</strong></span> <span class='ocrx_word' id='word_1_326' title='bbox 1038 4024 1078 4080; x_wconf 87' lang='grc' dir='ltr'><em>Μ</em></span> <span class='ocrx_word' id='word_1_327' title='bbox 1093 4024 1117 4079; x_wconf 85' lang='lat' dir='ltr'><strong>si</strong></span> <span class='ocrx_word' id='word_1_328' title='bbox 1135 4024 1163 4078; x_wconf 88' lang='lat' dir='ltr'><strong>iu</strong></span> <span class='ocrx_word' id='word_1_329' title='bbox 1183 4022 1258 4077; x_wconf 91' lang='lat' dir='ltr'><strong>omni</strong></span> <span class='ocrx_word' id='word_1_330' title='bbox 1275 4039 1338 4077; x_wconf 87' lang='lat' dir='ltr'><strong>non.</strong></span> 
     </span>
     <span class='ocr_line' id='line_1_35' title="bbox 190 4110 1341 4188; baseline -0.007 -16"><span class='ocrx_word' id='word_1_331' title='bbox 190 4121 255 4172; x_wconf 65' lang='grc' dir='ltr'><em>Μ</em></span> <span class='ocrx_word' id='word_1_332' title='bbox 273 4115 331 4172; x_wconf 84' lang='lat' dir='ltr'><strong>sedi</strong></span> <span class='ocrx_word' id='word_1_333' title='bbox 349 4117 458 4170; x_wconf 86' lang='lat' dir='ltr'><strong>omniuo</strong></span> <span class='ocrx_word' id='word_1_334' title='bbox 476 4116 505 4170; x_wconf 89' lang='lat' dir='ltr'><em>P</em></span> <span class='ocrx_word' id='word_1_335' title='bbox 617 4117 645 4171; x_wconf 91' lang='lat' dir='ltr'><strong>in</strong></span> <span class='ocrx_word' id='word_1_336' title='bbox 666 4116 925 4188; x_wconf 68' lang='lat' dir='ltr'><strong>consoletubiIIquq</strong></span> <span class='ocrx_word' id='word_1_337' title='bbox 943 4114 992 4170; x_wconf 79' lang='lat' dir='ltr'><strong>aed</strong></span> <span class='ocrx_word' id='word_1_338' title='bbox 1011 4119 1037 4168; x_wconf 81' lang='lat' dir='ltr'><strong>ot</strong></span> <span class='ocrx_word' id='word_1_339' title='bbox 1054 4114 1086 4168; x_wconf 80' lang='lat' dir='ltr'><strong>in</strong></span> <span class='ocrx_word' id='word_1_340' title='bbox 1103 4129 1160 4167; x_wconf 84' lang='lat' dir='ltr'><strong>roe.</strong></span> <span class='ocrx_word' id='word_1_341' title='bbox 1181 4111 1286 4180; x_wconf 67' lang='lat' dir='ltr'><strong>(mli)</strong></span> <span class='ocrx_word' id='word_1_342' title='bbox 1305 4110 1341 4164; x_wconf 85' lang='grc' dir='ltr'><em>Μ</em></span> 
     </span>
     <span class='ocr_line' id='line_1_36' title="bbox 190 4200 1339 4275; baseline -0.009 -13"><span class='ocrx_word' id='word_1_343' title='bbox 190 4207 299 4262; x_wconf 79' lang='lat' dir='ltr'><strong>lucum</strong></span> <span class='ocrx_word' id='word_1_344' title='bbox 316 4204 520 4275; x_wconf 69' lang='lat' dir='ltr'><strong>eathcbilique</strong></span> <span class='ocrx_word' id='word_1_345' title='bbox 539 4208 606 4260; x_wconf 79' lang='lat' dir='ltr'><strong>m.2</strong></span> <span class='ocrx_word' id='word_1_346' title='bbox 622 4209 728 4260; x_wconf 87' lang='lat' dir='ltr'><strong>incurse</strong></span> <span class='ocrx_word' id='word_1_347' title='bbox 747 4205 895 4275; x_wconf 82' lang='lat' dir='ltr'><strong>stabilique</strong></span> <span class='ocrx_word' id='word_1_348' title='bbox 913 4205 941 4259; x_wconf 98' lang='lat' dir='ltr'><strong><em>A</em></strong></span> <span class='ocrx_word' id='word_1_349' title='bbox 997 4201 1031 4262; x_wconf 77' lang='grc'><strong>18</strong></span> <span class='ocrx_word' id='word_1_350' title='bbox 1048 4219 1098 4257; x_wconf 86' lang='lat' dir='ltr'><strong>uec</strong></span> <span class='ocrx_word' id='word_1_351' title='bbox 1116 4219 1168 4255; x_wconf 78' lang='lat' dir='ltr'><strong>orn.</strong></span> <span class='ocrx_word' id='word_1_352' title='bbox 1187 4201 1216 4256; x_wconf 84' lang='lat' dir='ltr'><em>R</em></span> <span class='ocrx_word' id='word_1_353' title='bbox 1287 4200 1339 4253; x_wconf 83' lang='lat' dir='ltr'><strong>tibi</strong></span> 
     </span>
     <span class='ocr_line' id='line_1_37' title="bbox 191 4289 1339 4364; baseline -0.008 -14"><span class='ocrx_word' id='word_1_354' title='bbox 191 4311 251 4350; x_wconf 88' lang='lat' dir='ltr'><strong>cum</strong></span> <span class='ocrx_word' id='word_1_355' title='bbox 270 4293 773 4364; x_wconf 71' lang='lat' dir='ltr'><strong>tortoRVteep.um.1eaproo)</strong></span> <span class='ocrx_word' id='word_1_356' title='bbox 830 4296 862 4347; x_wconf 85' lang='grc'><strong>19</strong></span> <span class='ocrx_word' id='word_1_357' title='bbox 881 4292 1013 4347; x_wconf 82' lang='lat' dir='ltr'><strong>uersicnlo</strong></span> <span class='ocrx_word' id='word_1_358' title='bbox 1033 4307 1083 4346; x_wconf 74' lang='lat' dir='ltr'><strong>cos.</strong></span> <span class='ocrx_word' id='word_1_359' title='bbox 1108 4290 1134 4342; x_wconf 83' lang='lat' dir='ltr'><em>V</em></span> <span class='ocrx_word' id='word_1_360' title='bbox 1185 4289 1220 4343; x_wconf 75' lang='lat'><strong>23</strong></span> <span class='ocrx_word' id='word_1_361' title='bbox 1240 4304 1339 4358; x_wconf 77' lang='lat' dir='ltr'><strong>quaeso</strong></span> 
     </span>
     <span class='ocr_line' id='line_1_38' title="bbox 191 4381 368 4437; baseline -0.011 0"><span class='ocrx_word' id='word_1_362' title='bbox 191 4397 241 4437; x_wconf 70' lang='lat' dir='ltr'><strong>ons</strong></span> <span class='ocrx_word' id='word_1_363' title='bbox 262 4386 288 4436; x_wconf 87' lang='lat' dir='ltr'><strong><em>A</em></strong></span> <span class='ocrx_word' id='word_1_364' title='bbox 307 4381 368 4436; x_wconf 73' lang='lat' dir='ltr'><strong>edo.</strong></span> 
     </span>
    </p>
   </div>
   <div class='ocr_carea' id='block_1_6' title="bbox 0 0 1672 4867">
    <p class='ocr_par' dir='ltr' id='par_1_7' title="bbox 0 0 1672 4867">
     <span class='ocr_line' id='line_1_39' title="bbox 0 0 1672 4867; baseline 0 0"><span class='ocrx_word' id='word_1_365' title='bbox 0 0 1672 4867; x_wconf 95' lang='lat' dir='ltr'><strong> </strong></span> 
     </span>
    </p>
   </div>
  </div>
 </body>
</html>
