3309 4867
355 341 420 408 6811
716 340 745 399 ὃ.
773 339 1154 418 durclidnpurtiui

354 501 531 621 terrognres
551 526 603 601 ct¹
618 535 765 620 quotiens
792 534 1003 629 interrogares
1031 535 1069 600 de
1096 535 1274 620 praeceptis
1301 533 1500 603 Christianae

260 629 264 638 ’
354 642 529 726 religionis
556 642 638 719 nihil
660 660 712 708 me
735 640 822 707 eliud
844 640 1033 724 respondere
1056 642 1118 707 nisi
1140 640 1354 707 humilitatem
1376 640 1497 718 liberet

356 747 417 813 etsi
439 748 522 815 forts
545 749 608 815 elin
631 749 735 822 dicere
751 736 934 814 necessitas
957 751 1095 833 cogeret.

222 845 269 911 [V
288 845 332 910 23
399 854 485 939 Huic
512 843 687 921 humilitati
716 854 952 934 saluberrimos,
980 854 1248 937 quemdominus
1275 855 1383 919 noster
1407 853 1500 928 Iesus

355 959 501 1028 Christus
532 966 571 1027 ut
603 962 730 1029 doceret
760 961 953 1027 humilietur
986 962 1046 1040 est
1077 960 1162 1038 hnic,
1193 960 1333 1045 inquam,
1365 960 1543 1037 maximone

354 1066 543 1134 aduersatus
559 1068 724 1151 quaedum,
747 1070 786 1133 ut
807 1068 853 1132 ite
871 1066 986 1146 dicim
1008 1065 1235 1151 Imperitissimus
1258 1066 1400 1147 scientie,
1424 1066 1500 1134 dnm

352 1192 412 1239 nos
434 1168 516 1244 scire
540 1174 727 1259 gaudemus,
752 1173 828 1257 quid
850 1171 1068 1252 Anaximenes,
1092 1172 1170 1256 quid
1191 1171 1400 1258 dnaxngcrus‘,
1423 1172 1502 1257 quid

353 1267 562 1364 Pythngcr·es‚
591 1280 668 1364 quid
690 1279 895 1346 Democritus
923 1280 1068 1359 senserit,
1096 1282 1128 1345 et
1151 1282 1257 1345 cetere
1276 1253 1379 1345 'huius
1403 1279 1500 1358 modi,

353 1389 391 1479 ut
418 1385 504 1453 docti
531 1385 710 1470 eruditique
743 1385 920 1464 uideamur,
949 1405 1020 1453 cum
1053 1385 1114 1451 hoc
1146 1406 1165 1451 a
1196 1405 1272 1452 nere
1299 1386 1441 1453 doctrine
1467 1389 1501 1452 et

273 1521 275 1523 ·
354 1491 531 1560 eruditione
558 1492 652 1576 longe
680 1492 775 1559 obsit.
803 1491 859 1575 qui
882 1492 967 1558 euim
991 1491 1138 1558 didicerit
1157 1491 1255 1558 deum
1278 1512 1340 1558 non
1363 1491 1500 1558 distendi
1518 1511 1542 1549 m

354 1601 410 1664 aut
432 1598 566 1692 diffundi
592 1618 650 1683 per
675 1600 765 1666 locos
793 1616 895 1682 neque
917 1599 1025 1665 finitos
1049 1617 1151 1683 neque
1177 1598 1329 1680 infinitos,
1354 1599 1499 1683 qnesiip
1528 1648 1533 1652 .

353 1704 461 1788 ulique
492 1709 581 1789 perte
613 1706 714 1773 maior
745 1706 789 1770 sit
818 1704 852 1769 in
879 1705 987 1790 ulique
1016 1705 1130 1788 minor,
1162 1704 1219 1771 sed
1245 1707 1350 1771 totum
1382 1705 1501 1789 ubique

354 1829 424 1877 esee
460 1815 659 1895 praesentem
697 1811 782 1879 sicut
817 1812 997 1891 ueritatem,
1034 1811 1127 1877 cuiue
1162 1832 1254 1878 nemo
1286 1812 1390 1880 sobrie
1421 1795 1501 1878 dicit

353 1922 475 2002 partem
499 1929 570 1982 esse
597 1917 629 1983 in
658 1919 721 1983 isto
750 1918 821 1987 loco
847 1919 879 1981 et
904 1920 1026 2001 purtem
1053 1916 1086 1981 in
1113 1917 1180 1996 illo,
1204 1918 1353 2000 quoniam
1380 1918 1500 1987 ueritus

352 2024 465 2108 utique
493 2024 572 2090 deus
600 2028 660 2102 est,
687 2043 888 2107 nequequam
915 2043 989 2089 eum
1016 2024 1170 2102 monebit,
1198 2023 1283 2108 quod
1311 2023 1356 2091 de·
1376 2023 1499 2090 infinito
1517 2043 1542 2083 n

353 2149 423 2195 aere
447 2130 557 2208 sensit,
581 2130 774 2213 quicumque
798 2129 910 2210 sensit
933 2128 1019 2216 quod
1040 2130 1111 2212 ipsc
1135 2132 1222 2195 esset
1244 2129 1332 2196 deus.
1359 2130 1436 2213 quid
1459 2128 1499 2195 ed

352 2235 455 2316 illum,
484 2237 512 2303 si
540 2227 679 2315 nesciet
699 2256 796 2319 quem
819 2236 927 2321 dicunt
952 2236 1172 2320 isticorporis
1199 2236 1333 2305 formum
1364 2273 1407 2290 —
1429 2255 1499 2313 eum

353 2340 469 2426 quippe
493 2343 613 2423 dicum,
637 2363 718 2427 qnae
741 2342 880 2426 undiquc
902 2341 993 2408 dnitu
1016 2342 1125 2409 sit-
1149 2346 1182 2408 et
1203 2338 1312 2436 utrum
1333 2342 1499 2409 refellendi

353 2468 449 2514 cause
478 2457 642 2533 tamquam
670 2447 881 2516 'Academicus
907 2448 1093 2516 dnmimeni
1121 2449 1236 2516 Cicero
1257 2449 1409 2516 obiecerit
1437 2449 1499 2516 ior·

330 2638 332 2641 Α
351 2574 436 2621 mem
456 2560 489 2621 et
505 2556 775 2641 pulchritudinem
796 2556 890 2622 deum
909 2556 1026 2622 hebere
1044 2558 1188 2638 spontem
1207 2556 1299 2639 quusi
1313 2567 1497 2640 corporeum
1515 2576 1541 2617 m

352 2662 488 2744 speciem
514 2664 668 2747 cogitans,
693 2664 769 2745 quin
790 2663 845 2727 ille
869 2681 1056 2746 corporeum
1078 2661 1172 2728 deum
1195 2677 1267 2728 esse
1287 2662 1418 2740 dixerut,
1446 2681 1499 2726 ner

352 2768 435 2832 euim
459 2785 574 2855 corpus
598 2773 661 2855 est3
674 2767 724 2834 iun
749 2770 818 2852 ipse
841 2767 1000 2834 sentiebat
1022 2786 1093 2834 esse
1115 2768 1248 2835 formum
1267 2772 1300 2835 et
1321 2767 1498 2852 pulchritu-

340 2872 455 2940 -dinem
488 2876 705 2959 incorpoream
735 2874 875 2953 noenu,
904 2894 967 2958 que
997 2875 1067 2957 ipse
1099 2874 1225 2947 unimus
1252 2874 1439 2940 informetur
1465 2877 1499 2938 et

350 2998 407 3061 per
434 2999 529 3064 quem
558 2982 664 3054 omnio
690 2982 843 3065 sepientis
869 2982 955 3048 fectu
981 2979 1114 3065 pulchre
1140 2999 1210 3047 esse
1236 2981 1428 3059 iudicemus,
1461 2983 1497 3045 ut

351 3105 414 3153 non
431 3091 558 3154 tuntum
580 3089 745 3155 refellendi
768 3088 872 3173 gretie
894 3088 951 3154 scd
969 3088 1065 3154 etimn
1084 3087 1251 3155 uerissime
1270 3087 1391 3165 dixerit,
1412 3087 1497 3170 quod
1516 3108 1541 3149 n

210 3187 216 3204 ¹
351 3193 446 3260 deum
468 3195 681 3283 pulcherrimi
704 3195 811 3279 specie
830 3194 942 3261 deceat
959 3213 1041 3271 esse,
1065 3192 1141 3278 quin
1161 3193 1243 3259 nihil
1260 3197 1311 3260 eet
1331 3193 1497 3278 pulchrius

440 3453 473 3508 19
492 3451 525 3508 cf.
544 3452 578 3508 de
595 3458 652 3508 net.
671 3453 696 3508 d.
715 3454 729 3509 1
751 3453 792 3521 10,
810 3454 847 3509 26

351 3703 395 3768 (ψ
414 3705 489 3769 Η)
502 3699 532 3755 P
583 3701 767 3758 :tuccessitns
785 3703 896 3772 cogeret
914 3699 1045 3756 dicercR
1098 3699 1198 3755 thuin
1215 3714 1267 3755 oue.
1285 3699 1314 3755 A
1383 3699 1481 3756 humili

348 3789 416 3844 tntis
433 3783 473 3843 M
505 3790 712 3846 themilitetus
731 3793 787 3859 (pr.
806 3792 820 3843 t
837 3805 898 3859 cap.
915 3791 992 3857 sne-2)
1010 3786 1049 3844 Μ
1087 3788 1257 3848 Seensertnt
1273 3788 1368 3857 strue
1402 3789 1495 3843 teru-

349 3877 507 3948 ditiiqune‚
525 3882 590 3934 m
608 3878 760 3949 eruditique
777 3876 816 3933 Μ
868 3879 898 3933 11
921 3878 980 3949 ent]
998 3881 1081 3948 etque
1098 3869 1137 3931 1)ι
1194 3877 1260 3943 loce
1274 3875 1339 3932 MR
1412 3892 1497 3946 sepse

349 3967 441 4021 finitos
459 3971 486 4021 ct
502 3966 709 4024 insumens
725 3966 739 4020 1
757 3964 836 4021 tisR
891 3966 926 4020 14
943 3982 1003 4021 esse
1021 3964 1170 4037 pertemdt
1219 3966 1254 4021 16
1265 3964 1333 4021 dens
1345 3967 1422 4019 essct
1432 3961 1494 4020 cdd.

350 4055 383 4109 17
401 4055 507 4109 nesciet
525 4055 616 4127 quem]
633 4055 758 4110 nescient
776 4053 842 4125 quid
858 4054 887 4111 R
925 4051 959 4110 ls
969 4053 1078 4134 dicunt]
1097 4052 1191 4109 dicent
1207 4052 1236 4110 R
1286 4053 1321 4109 19
1338 4053 1495 4109 munmeni

348 4142 410 4197 MA
428 4145 580 4200 anaximeni
599 4150 698 4214 (perir.
718 4143 736 4197 1.
755 4160 776 4199 s.
795 4149 836 4208 ss.)
860 4142 887 4197 V
956 4141 1058 4198 obiecit
1075 4142 1103 4200 R
1177 4143 1210 4197 21
1230 4140 1273 4196 illi
1290 4140 1381 4199 m
1452 4142 1495 4197 di·

349 4234 442 4285 nerent
459 4233 515 4287 AR
553 4233 603 4287 ’26
623 4249 677 4303 qne
694 4232 731 4286 M
799 4230 946 4302 pulchrius,
965 4235 1026 4285 Μ
1042 4247 1130 4302 supra
1148 4230 1221 4302 prius
1239 4229 1268 4286 B

1624 3287 1625 3342 1

387 3611 400 3665 1
421 3611 455 3668 de
474 3615 499 3681 (e
516 3629 538 3669 s.
557 3630 586 3670 se.
604 3618 673 3692 Μ)
692 3614 728 3669 Μ
781 3614 798 3669 2
816 3613 916 3668 liberet
934 3615 975 3682 (er
993 3628 1053 3683 nep.
1072 3629 1106 3670 re.
1117 3612 1148 3683 2)
1166 3615 1196 3668 ct
1212 3611 1236 3667 si
1251 3610 1288 3666 H
1302 3611 1455 3682 libercvet
1471 3612 1497 3668 si
