3309 4867
551 395 815 467 epistularum
842 394 941 450 XLIII.
962 394 1058 451 XLIV.
1316 398 1380 462 109

231 591 388 656 annalem
416 591 574 673 superetis
603 589 753 656 silentum
780 592 814 656 ei
840 588 999 656 amicitias
1026 590 1203 666 hominum,
1237 610 1316 675 qnae
1347 590 1379 654 in

228 695 349 762 indicio
376 694 428 762 dei
450 696 530 761 nihil
552 695 736 780 proderunt,
758 714 815 780 pro
839 694 1020 762 deuitandis
1044 695 1247 782 sempiternis
1269 695 1379 779 poeuis

230 821 290 869 non
317 803 462 868 timeatis
489 802 656 869 offendere.
690 819 764 868 ecoe
791 801 1044 882 ite‚eonsu15te;
1069 802 1380 887 qnidooutrahneo

230 912 339 975 nostra
368 910 497 993 possint
526 908 727 993 respondere,
749 908 953 996 ‘cognoscite
987 909 1015 975 si
1045 910 1212 993 proferunt
1243 908 1378 987 ohanne,

196 1038 210 1076 s
230 1016 420 1101 proferimus
434 1007 584 1094 'simu
608 1016 636 1081 si
659 1015 758 1082 salsas
781 1019 905 1081 noelras
929 1034 1001 1081 esse
1029 1015 1151 1100 dieunt,
1174 1013 1236 1082 hoo
1258 1034 1316 1082 nos
1340 1014 1379 1080 de

230 1124 299 1189 anis
313 1122 418 1190 diuers
436 1142 497 1189 non
514 1121 728 1208 indignentur.
747 1140 841 1188 nemo
857 1121 942 1187 delet
955 1121 994 1188 de
1010 1122 1098 1190 eaelo
1117 1121 1378 1189 constitutionem

231 1230 292 1297 dei
310 1248 403 1295 nemo
417 1228 504 1295 delet
522 1228 560 1295 de
578 1231 663 1295 terra
685 1228 855 1294 eeclesiam
880 1227 946 1306 dei;
969 1227 1026 1294 ille
1048 1232 1153 1295 lotum
1177 1229 1286 1311 orbem
1310 1247 1384 1311 pror

230 1337 329 1414 misit,
341 1337 405 1402 ista
416 1339 522 1402 totum
537 1336 645 1402 orbem
658 1335 796 1419 repleuit
810 1337 844 1400 st
857 1333 958 1401 malos
972 1333 1072 1400 habet
1084 1339 1117 1401 'ot
1129 1336 1241 1413 bonos,
1252 1333 1308 1399 sed
1321 1352 1379 1400 nee

229 1444 261 1510 in
285 1444 377 1510 terris
400 1443 520 1509 amittit
541 1442 604 1509 nisi
627 1441 728 1508 malos
752 1459 810 1507 nee
833 1440 865 1507 in
885 1441 1170 1516 eaelnmndmittit
1187 1441 1249 1507 nisi
1266 1442 1377 1507 bonos.

184 1566 210 1605 ¹⁰
231 1549 292 1616 erit
318 1553 424 1616 antem
453 1548 546 1614 uobis
569 1548 622 1613 hie
647 1540 761 1625 sermo,
786 1564 880 1631 quem
905 1547 944 1613 ds
967 1565 1098 1613 munere
1121 1547 1171 1613 dei
1196 1547 1289 1612 nouit
1310 1546 1378 1629 ipse

229 1660 348 1740 quauta
374 1659 408 1721 et
432 1655 520 1739 panis
544 1659 578 1721 et
599 1658 707 1720 uestra
730 1653 899 1719 dilectione
923 1651 1190 1738 deprompsimus,
1214 1651 1378 1728 nomentio,

228 1763 257 1828 si
280 1761 400 1841 uelitis,
424 1762 518 1828 testis
540 1780 629 1839 uero,
653 1761 715 1843 elsi
738 1760 858 1831 nolitis.

744 1952 856 2018 XLIV.

261 2091 420 2158 nonime
438 2091 703 2148 muodflssms
722 2090 770 2146 El*
787 2078 1118 2148 Pulunlcsamsus
1136 2089 1340 2148 FRATRIBUS

181 2203 208 2243 ns
373 2178 541 2245 Eunomo,
561 2178 698 2238 GLORIO
717 2179 763 2235 ΕΤ
781 2177 973 2235 mutemus
992 2175 1230 2235 AUGUSTINUS.

129 2315 175 2408 μ
268 2305 468 2384 Fortunium.
491 2325 589 2390 quem
611 2306 790 2372 'l'ubnrsiou
810 2301 935 2371 habetis
955 2303 1150 2388 episoopum,
1170 2323 1226 2389 per
1243 2303 1374 2371 eandem

225 2413 388 2480 dunum
417 2425 609 2496 quamquam
630 2411 894 2482 festinantissime
918 2430 992 2477 oum
1015 2410 1055 2476 ad
1078 2409 1252 2480 cirtensem
1277 2411 1376 2477 ecole-

225 2520 307 2585 siam
334 2537 550 2605 pergeremus,
578 2520 698 2602 experti
726 2537 839 2585 snmus
863 2518 910 2583 ita
931 2516 1070 2596 omnino,
1093 2520 1132 2583 ut
1153 2517 1192 2583 de
1214 2516 1271 2583 illo
1295 2518 1376 2582 sole·

225 2624 269 2691 tis
296 2624 527 2711 benignissime
550 2624 704 2709 pollioeri.
728 2644 798 2690 eam
821 2623 925 2708 ipsam
949 2624 1067 2708 qnippe
1091 2627 1229 2689 nestram
1255 2623 1293 2690 de
1315 2623 1372 2688 illo

178 2760 207 2802 a·
224 2731 316 2797 noes
348 2731 644 2797 sermocinationem
676 2751 750 2798 eum
766 2749 768 2754 ’
783 2731 812 2796 ei
844 2728 1098 2796 renuntiaremus
1125 2729 1272 2811 nolentes
1300 2749 1373 2795 eum

223 2836 344 2917 uidere,
371 2855 433 2903 non
459 2837 580 2903 abnuit
612 2836 759 2903 nenimas
781 2836 891 2920 itaque
915 2834 954 2901 ad
978 2851 1063 2914 eum,
1086 2836 1162 2919 quia
1183 2835 1281 2902 aetoli
1304 2836 1374 2902 eius

223 2941 257 3009 id
280 2962 300 3007 a
321 2943 412 3009 uobis
436 2942 643 3032 dplerendunr
663 2941 835 3009 uidebatur
848 2942 966 3025 potius
990 2959 1085 3025 quam
1109 2941 1309 3026 exigendum,
1337 2947 1375 3005 nt

223 3049 294 3134 ipse
315 3049 357 3115 ad
378 3068 436 3115 uos
458 3050 584 3116 ueniret
607 3049 703 3138 prior.
731 3047 925 3132 perreximus
953 3065 1029 3140 ergo
1057 3048 1284 3114 comitantibus
1312 3067 1373 3116 uon

223 3156 345 3238 paneis,
374 3161 454 3240 qnos
481 3156 563 3223 forte
591 3156 782 3241 adgregatos
809 3154 901 3220 uobis
929 3153 1011 3219 illud
1031 3157 1165 3237 tempus
1196 3154 1373 3219 inuenerat.

180 3289 208 3330 ee
225 3277 300 3327 enm
329 3266 437 3328 antem
469 3262 554 3346 apud
586 3281 659 3328 enm
691 3260 960 3343 oonaedissemus,
988 3279 1113 3326 rumore
1141 3259 1283 3344 disperso
1311 3278 1371 3323 uon

259 3505 421 3576 2pdesnnt‚
439 3522 509 3563 eurr.
528 3505 695 3591 pdernntE
739 3507 892 3577 lpoesunt
909 3505 937 3558 A
987 3503 1093 3559 5ialsa
1110 3507 1204 3559 nonin
1222 3504 1251 3558 P
1265 3507 1373 3580 nostras

224 3595 308 3650 lalana
324 3594 354 3651 R
425 3594 742 3658 denuntiaremus
761 3594 812 3648 del.
833 3592 863 3646 F
919 3593 1150 3648 deonslitutione
1168 3594 1195 3647 A
1250 3590 1372 3646 Bmalos

223 3681 784 3754 (mos.1nadd.eederae.)t1
849 3680 1372 3751 bononpuperpoeeosruadd.

222 3771 418 3843 sederam(
457 3771 634 3829 semineus
687 3769 784 3832 malus,
799 3772 866 3824 eud
882 3768 1020 3824 maloaM
1071 3768 1177 3824 amittit
1194 3767 1225 3823 F
1276 3768 1371 3830 bonna,

222 3863 289 3915 see
305 3860 391 3916 bonos
409 3859 446 3915 Μ

310 3983 390 4038 Iden
408 3982 521 4050 tediosi,
538 3983 589 4053 gai
605 3982 637 4037 ise
655 3999 695 4052 ep.
714 3980 835 4037 XLIII.

259 4108 292 4164 le
309 4106 460 4172 tuburtino,
478 4109 545 4164 sest
560 4107 701 4169 tnbnusiod
719 4105 757 4161 Μ
772 4105 914 4162 mbnreion
931 4104 978 4160 uel
990 4105 1088 4174 potius
1105 4103 1248 4159 tubureieii
1265 4101 1294 4178 R
1316 4100 1370 4158 Tn-

220 4194 333 4251 bnrsieil
347 4212 389 4251 ae
401 4195 579 4252 Tubaraiomn
594 4200 654 4250 etit.
673 4194 735 4252 edd.
783 4196 817 4250 la
835 4194 895 4266 ipse
913 4192 950 4248 M
993 4193 1028 4248 22
1048 4209 1128 4263 quam
1147 4191 1176 4254 id
1194 4189 1328 4263 agendam
1343 4190 1370 4246 A

222 4285 258 4340 28
276 4284 378 4351 uenire,
397 4287 463 4339 Μ
479 4284 587 4339 ueniret
605 4281 633 4336 P
