3309 4867
565 361 831 431 epistularum
859 361 939 415 XCV.
1265 367 1329 433 507

184 560 323 627 nostra
360 557 463 622 facit
499 557 617 622 nobis
654 568 782 640 neque
825 555 1043 622 seeundum
1075 556 1330 640 iniquitates

184 666 348 731 nostras
390 663 589 728 retribuit
629 663 762 741 nobis,
795 663 850 746 qui
886 666 976 728 tanta
1012 663 1127 729 solatia
1167 664 1330 732 doloribus

182 769 298 834 miscet
321 768 450 853 agitque
473 769 612 835 mirabili
630 769 798 846 medicina,
817 789 857 835 ne
877 787 1019 835 amemus
1037 771 1203 850 mundum,
1222 791 1261 838 ne
1280 773 1330 838 do·

183 874 328 955 finiamus
351 877 384 941 in
402 875 529 943 mundo.

70 981 98 1042 2
146 1003 163 1039 ⁵
229 979 382 1061 Quaesiui
405 982 462 1048 aba
488 986 522 1048 te
550 981 708 1067 prioribus
735 983 863 1062 litteris,
892 982 1071 1067 qualisnam
1098 983 1158 1063 tibi
1184 976 1344 1058 uideatur⁴

182 1087 291 1153 lutura
322 1080 449 1153 aeterna
479 1087 549 1153 uita
585 1092 781 1165 sanctomm3
819 1088 876 1182 sel
917 1088 993 1163 bene
1025 1088 1103 1153 mihi
1139 1091 1331 1173 respondisti

182 1196 278 1260 etiam
293 1193 332 1260 <le
346 1195 523 1278 praesentis
543 1195 627 1260 uitae
646 1199 734 1261 statu
753 1195 856 1261 adhue
876 1214 946 1261 esse
965 1195 1077 1289 ntique
1093 1196 1333 1276 consulendum,

130 1372 132 1379 ,
181 1300 245 1366 nisi
269 1299 353 1383 quod
374 1319 426 1365 me
450 1301 616 1367 consulere
639 1300 785 1381 uoluisti,
811 1301 899 1386 quod
922 1304 979 1371 aut
999 1320 1126 1367 meeum
1148 1303 1254 1368 neseis
1277 1308 1333 1368 aut

180 1424 308 1472 meeum
336 1406 400 1476 scis
429 1410 485 1483 aut
511 1407 615 1492 magis
646 1427 742 1486 quam
770 1426 830 1493 ego
863 1408 997 1474 forsitan
1026 1407 1103 1487 scis,
1132 1408 1250 1493 quippo
1277 1413 1332 1493 qui

129 1534 162 1573 ιο
181 1513 279 1577 etiam
296 1512 464 1578 uerissime
478 1512 593 1579 dixeris
613 1512 831 1598 euangelicam
849 1518 982 1579 mortem
1002 1513 1091 1596 prius
1106 1514 1332 1594 emoriendum,

181 1621 255 1704 ‘qua
286 1619 443 1684 carnalem
473 1618 703 1687 resolutionem
734 1620 914 1691 uoluntario
946 1620 1167 1703 praeuenimus
1200 1639 1331 1688 excessu

180 1743 243 1790 non
277 1725 367 1791 obitu
399 1724 455 1790 sed
487 1725 645 1792 sententia
675 1726 860 1792 recedentes
888 1725 931 1792 ab
963 1725 1060 1791 huius
1092 1724 1212 1792 saeculi
1244 1727 1332 1793 uits'.

181 1830 316 1914 simplex
342 1831 421 1897 baec
447 1832 529 1897 actio
553 1834 585 1898 et
607 1833 697 1898 nullo
721 1832 931 1899 dubitationis
955 1836 1045 1898 aestu
1073 1831 1218 1913 fluctuat,
1247 1832 1332 1916 quod

180 1939 226 2003 ita
243 1955 301 2003 nos
319 1938 429 2013 uiuere
448 1943 591 2021 oportere
610 1955 776 2004 censemus
800 1940 832 2005 iu
855 1940 915 2004 hac
934 1939 1003 2004 uita
1025 1938 1162 2016 mortali,
1185 1942 1223 2004 ot
1244 1940 1331 2005 uitae
1386 1989 1410 2003 .,

131 2068 160 2105 ιι
180 2042 339 2111 inmortali
372 2045 510 2128 quodam
541 2045 636 2111 modo
669 2050 864 2130 coaptemur.
898 2064 1010 2111 uerum
1043 2045 1146 2112 omnis
1175 2045 1330 2128 quaestio,

180 2169 261 2233 quac
293 2155 423 2235 agentes
456 2156 706 2235 quaerentesque
739 2152 907 2219 conturbat
943 2151 1097 2230 homines,
1135 2151 1239 2234 qualis
1271 2172 1331 2239 ego

179 2275 263 2335 sum,
292 2256 348 2322 illo
370 2259 430 2335 est,
458 2277 595 2341 quonam
616 2258 712 2324 modo
734 2258 912 2323 uiuendum
940 2258 984 2323 sit
1011 2257 1064 2323 nel
1090 2257 1250 2324 intereos
1279 2261 1332 2323 uel

178 2365 306 2446 propter
328 2381 394 2440 eos,
421 2364 477 2446 qui
499 2364 638 2430 nondum
661 2365 771 2429 uiuere
794 2363 956 2429 moriendo
979 2366 1138 2429 nouerant
1159 2381 1220 2429 non
1242 2381 1328 2452 reso·
1417 2394 1420 2401 ¹

179 2470 300 2535 tutione
337 2469 477 2552 corporis
513 2470 569 2535 sed
606 2470 743 2554 quodam
782 2490 816 2535 se
853 2489 871 2534 a
908 2468 1123 2552 corporalibus
1150 2468 1328 2565 inlecebris

128 2598 160 2639 ao
179 2576 353 2642 aucmentis
389 2576 505 2642 mantis
547 2576 672 2642 affeetu.
719 2575 905 2660 plerumque
942 2575 1026 2640 enim
1063 2573 1191 2641 uidetur
1226 2576 1327 2654 nobis,

181 2680 275 2764 quod,
307 2681 369 2746 nisi
403 2682 448 2747 eis
481 2682 715 2766 aliquantolum
747 2700 958 2767 congruamus
990 2681 1031 2748 ad
1062 2700 1098 2747 ea
1128 2681 1209 2765 ipsa,
1227 2734 1229 2738 Α
1245 2681 1329 2748 unde

179 2787 253 2852 illos
272 2788 392 2853 extrahi
409 2793 569 2871 cupimus,
588 2789 668 2854 nibil
688 2808 761 2855 cum
780 2790 826 2855 eis
845 2788 1015 2855 salubriter
1032 2804 1125 2874 agere
1141 2788 1328 2872 poterimus.

180 2893 265 2978 quod
296 2893 548 2973 eum'iacimus,
580 2892 695 2960 talium
722 2896 891 2960 delectatio
925 2893 1067 2977 subrepit
1094 2897 1127 2960 et
1157 2895 1259 2971 nobis,
1291 2900 1329 2960 ut
1377 2909 1383 2923 “

180 3018 276 3082 saepe
290 3001 387 3066 etiam
408 3001 498 3085 loqui
516 3021 595 3067 uana
614 3002 753 3068 delectet
769 3019 941 3084 auremque
959 3000 1107 3088 praebere
1123 3001 1329 3085 loquentibus

130 3130 162 3171 as
180 3124 238 3172 nec
261 3106 402 3174 adridere
419 3111 544 3173 mutum
568 3109 625 3174 sed
649 3108 743 3173 etiam
768 3108 836 3173 risu
858 3107 945 3172 uinci
969 3124 1006 3172 ae
1028 3107 1122 3172 solui.
1149 3106 1196 3172 ita
1217 3106 1327 3189 pulue·

179 3213 243 3279 reis
276 3211 467 3296 quibusdam
498 3214 551 3279 uel
584 3215 679 3280 etiam
717 3214 814 3279 luteis
847 3211 1014 3279 affectibus
1049 3206 1175 3279 noemae
1208 3213 1328 3278 animas

180 3325 424 3404 praegrauantes
455 3319 646 3386 laboriosius
681 3324 714 3385 et
743 3320 867 3406 pigrius
898 3319 1044 3384 leuamus
1077 3317 1117 3384 ad
1149 3318 1255 3394 deum,
1291 3322 1330 3385 ut

180 3426 330 3491 uiuanus
358 3426 575 3511 euangelicum
607 3427 708 3493 uitam
740 3425 901 3492 moriendo
934 3425 1151 3509 euangelicam
1182 3428 1327 3491 mortem.

181 3533 311 3616 quodsi
330 3526 499 3616 aliquando
519 3532 720 3620 successerit,
743 3532 853 3598 statim
877 3531 1065 3597 subicietur:
1085 3531 1197 3617 ‘Euge
1221 3534 1328 3617 euge?

273 3775 378 3830 m-ra
395 3798 430 3822 =
448 3792 475 3846 p.
493 3775 555 3840 sor,
575 3776 664 3830 r-1o

219 3898 250 3953 11
271 3914 351 3969 quam
370 3897 449 3954 codd.
469 3898 544 3965 edct5
563 3900 598 3967 cf.
614 3915 644 3969 p.
667 3902 731 3964 ⁶01,
750 3903 769 3952 8
896 3897 1101 3969 praeueniamus
1126 3896 1180 3952 Vn
1196 3895 1273 3965 edri.;
1291 3899 1326 3966 cf.

181 4004 209 4055 p.
232 3989 334 4047 501.9
414 3988 446 4043 15
464 3987 582 4050 mortali,
600 4003 670 4042 corr.
689 3992 749 4041 m]
767 3986 906 4042 inmortali
925 3985 952 4039 P
1014 3988 1046 4041 17
1066 3986 1196 4056 quonam]
1216 3993 1261 4055 qm
1281 3989 1327 4052 (--·

183 4075 321 4143 quoniam)
341 4074 368 4129 P
415 4058 598 4129 'uidendum
619 4072 646 4128 Ρ
719 4075 751 4129 18
769 4075 962 4131 resolutionem
981 4074 1009 4128 P
1080 4074 1113 4128 1s
1132 4072 1327 4145 corporalibus]

183 4163 338 4233 corporibus
359 4162 384 4216 P
436 4162 472 4217 20
491 4168 647 4218 stertentes
665 4162 726 4218 edei.
791 4164 824 4219 23
844 4163 975 4233 subrepit,
994 4178 1063 4219 corr.
1082 4156 1200 4233 subripit
1222 4161 1249 4216 V
1264 4161 1328 4216 sub-

182 4251 247 4321 ripit
271 4249 298 4305 U
349 4251 384 4305 25
402 4248 469 4305 usui
486 4250 514 4305 P
567 4253 600 4306 27
621 4256 805 4323 aggrauantes
831 4251 885 4306 VU
901 4251 961 4306 eas.
1199 4246 1218 4261 ⁵
