3309 4867
633 344 897 414 epistularum
926 343 997 399 LIII.
1329 350 1393 415 155

242 537 392 602 eiusdem
412 534 553 600 ciuitatis
573 536 698 602 uestrae
721 535 920 602 Diocletiano
944 537 1030 603 VIII.
1055 543 1088 605 et
1109 540 1300 607 Maximiano
1322 540 1394 608 VII.

249 642 435 708 oonsulibus
458 641 625 708 undecimo
648 642 810 711 Kalendas
832 643 950 718 Iunias,
974 645 1091 727 quibus
1108 646 1231 731 quuido
1250 648 1396 714 constitit

249 748 295 813 ita
330 748 466 814 Paulum
503 749 688 833 episcopum
726 748 907 827 tradidisse,
945 755 983 816 nt
1019 750 1168 826 Siluarms
1209 758 1285 828 tunc
1325 753 1395 819 eius

250 854 463 921 subdiaconus
500 856 597 920 fuerit
633 859 666 921 et
697 875 769 922 cnm
800 855 1057 923 illostrudidcrit
1087 860 1394 943 proferens-insinn-

214 963 357 1028 smeota
392 960 558 1039 dominica,
595 962 691 1028 etiam
729 967 810 1045 quus
852 962 1020 1048 diligenter
1055 966 1185 1032 ,luerunt
1225 966 1394 1039 occultata,

251 1067 457 1150 capitulatam
472 1071 655 1149 argenteam
669 1074 704 1134 et
715 1069 877 1138 lucernam
898 1073 1091 1153 argenteam,
1110 1072 1157 1137 ita
1174 1078 1213 1139 nt
1230 1072 1260 1138 ei
1279 1073 1399 1138 diceret

251 1169 362 1238 Viator
383 1173 527 1256 quidam:
551 1173 709 1241 ‘Mortuos
732 1174 849 1252 inmas,
868 1175 897 1240 si
916 1195 977 1241 non
995 1174 1069 1242 illas
1087 1178 1290 1244 inuenisses?
1311 1179 1394 1244 huno

249 1275 312 1342 Iste
339 1277 515 1354 Siluanum,
541 1277 840 1344 manifestissimum
866 1278 1062 1359 traditorem,
1088 1302 1145 1365 pro
1172 1302 1289 1368 magno
1311 1302 1396 1349 com*

249 1386 407 1449 memorat
427 1384 458 1449 in
483 1384 631 1468 epistula,
655 1385 762 1468 quam
774 1384 835 1455 tibi
858 1385 996 1470 scripsit,
1016 1406 1035 1452 a
1053 1386 1198 1454 Secundo
1217 1389 1395 1475 tigisitano

146 1569 153 1579 ,
205 1490 369 1571 reprimas
396 1489 482 1557 sedis
510 1489 659 1574 episcopo
695 1491 882 1575 episcopum
919 1496 995 1557 tunc
1028 1492 1218 1562 ordinatum.
1252 1496 1396 1577 quiescat

250 1612 325 1679 ergo
348 1595 484 1679 superba
505 1614 614 1661 comm
636 1596 749 1683 lingua
770 1600 804 1662 et
825 1598 1152 1683 cognoscatcrimiua
1170 1619 1243 1695 sup,
1262 1600 1396 1666 nedeli-

1 1788 3 1799 .
249 1719 322 1766 rans
357 1702 508 1784 loquatur
541 1703 654 1769 aliena
691 1704 790 1769 recita
826 1701 876 1768 illi
912 1703 1021 1784 etiam,
1057 1706 1087 1772 si
1121 1705 1272 1781 uoluerit
1305 1710 1396 1791 gesta

1 1810 3 1879 l
248 1806 467 1873 ecclesiastica
481 1807 628 1875 eiusdem
639 1797 776 1877 Secundi
790 1809 960 1895 Tigisitani
978 1810 1011 1876 in
1031 1810 1124 1878 domo
1143 1811 1266 1879 Urbani·
1277 1813 1396 1879 Donati
1484 1859 1485 1862 ,

1 1912 3 1963 l
249 1911 369 1988 habita,
396 1914 452 1979 ubi
481 1915 644 1981 confessos
671 1915 841 1982 traditores
867 1915 967 1982 iudici
995 1911 1054 1982 deo
1078 1915 1211 1998 dimisit,
1235 1918 1395 1985 Donatum

1 2020 2 2027 ’
203 2049 232 2088 rs
249 2017 509 2098 Mrscnlitanum,
538 2020 695 2087 Marinum
721 2022 760 2087 ab
781 2022 885 2105 Aquis
908 2021 1099 2100 dibilitania,
1122 2022 1283 2089 Donatum
1307 2021 1395 2089 Cala·
1494 2077 1495 2086 ,

249 2144 402 2205 mensem,
426 2145 499 2192 cum
522 2128 639 2211 quibus
663 2128 817 2194 confessis
840 2128 1046 2193 traditoribus
1068 2129 1278 2197 memoratum
1300 2128 1395 2195 tradi·

250 2236 352 2298 torem
376 2233 540 2299 Siluanum
561 2233 607 2298 eia
626 2233 786 2299 ordinauit
804 2235 1002 2317 episcopum·
1017 2234 1116 2299 recita
1132 2233 1183 2300 illi
1201 2239 1292 2319 gesta
1307 2231 1396 2317 ,apud
1530 2268 1535 2280 ·

250 2337 458 2422 zenophilum
491 2339 699 2417 consularem,
736 2339 792 2405 nbi
825 2338 1041 2410 Nundinarius
1078 2339 1206 2423 quidam
1243 2340 1395 2406 dsoonns
1457 2331 1461 2339 ’

249 2444 352 2509 iratus
380 2443 522 2520 Siluano,
550 2445 634 2528 quod
662 2446 701 2511 ab
725 2463 763 2511 eo
786 2444 1206 2524 ioerr'torcommunicatus,
1229 2444 1309 2513 baso
1330 2465 1396 2513 orn·
1494 2433 1499 2440 ¹

203 2576 234 2616 so
249 2550 304 2614 nia
325 2550 453 2616 iudiciis
477 2551 625 2632 prodidit,
644 2570 725 2634 quae
748 2551 845 2617 certis
869 2551 1068 2632 documentis
1086 2556 1121 2619 et
1136 2546 1396 2638 responsionibus

250 2655 446 2722 testiumet
458 2655 642 2722 recitatione
665 2660 829 2742 gestorum
852 2657 1078 2723 et‘multarum
1095 2657 1305 2743 epistularum
1322 2658 1395 2725 luce

251 2761 367 2827 clarius
391 2761 610 2829 constiterunt

180 2871 202 2933 5
295 2866 400 2933 Multa
422 2873 499 2934 sunt
522 2869 593 2945 alia,
618 2889 698 2952 quae
721 2869 769 2934 illi
794 2869 920 2947 recites,
945 2868 972 2935 si
996 2888 1058 2936 non
1081 2870 1280 2936 contentiosa
1304 2888 1396 2955 egero

250 2973 308 3039 sed
335 2973 504 3057 prudenter
529 2975 638 3040 audire
665 2974 819 3040 uoluerit:
848 2993 958 3058 preces
984 2975 1224 3042 Donatistarum
1253 2975 1293 3043 ad
1316 2974 1396 3044 (ion-

204 3105 231 3145 ιι
251 3082 436 3159 stantinum,
465 3084 501 3145 ut
532 3085 660 3165 propter
689 3082 794 3165 ipsam
827 3099 957 3150 causam
989 3081 1072 3147 inter
1102 3081 1197 3147 Afros
1228 3080 1395 3166 episcopos

250 3185 454 3251 dirimendam
491 3186 612 3251 iudices
651 3206 686 3251 er
724 3186 830 3252 Gallia
866 3188 1033 3271 episcopos
1066 3175 1230 3263 ¹mitteret
1271 3189 1395 3259 litteras

250 3293 346 3357 etiam
384 3293 527 3358 eiusdem
559 3293 771 3377 imperatoris,
802 3293 860 3366 ubi
892 3294 1061 3378 episcopos
1090 3294 1181 3360 misit
1212 3294 1251 3360 ad
1282 3294 1393 3360 urbem

287 3521 299 3578 l
325 3518 462 3580 diocletis,
486 3523 552 3573 sc2
574 3519 738 3574 diocletiano
756 3519 785 3572 P
878 3518 969 3574 -v1110
986 3521 1013 3573 Δ
1038 3519 1125 3574 ἯΙΙιο
1143 3519 1172 3576 R
1190 3525 1289 3576 octauo
1309 3519 1378 3588 aas
1385 3517 1396 3572 i

250 3613 410 3662 octauumus
464 3608 528 3662 VII⁰
540 3609 567 3661 A
585 3612 662 3678 septe
680 3608 709 3662 R
728 3609 846 3677 septimo
865 3607 951 3676 cesi
969 3607 1113 3678 septimum
1132 3624 1159 3662 ss
1195 3607 1219 3662 d'
1231 3606 1270 3663 xl
1289 3605 1396 3662 ΓΒΗ

285 3696 323 3750 iil
340 3696 455 3751 Mlius
542 3696 657 3751 ieiunius
675 3699 703 3751 Δ
801 3695 1064 3761 ddiaconnspcorr.
1082 3701 1145 3753 m
1163 3694 1344 3751 subdiaconus
1361 3694 1398 3751 Μ

250 3787 409 3855 5q;,m.2
434 3800 486 3855 que
508 3785 536 3839 P
558 3802 624 3855 quas
646 3785 736 3840 MFA
862 3786 929 3840 del
953 3784 1090 3839 lucernam
1113 3786 1269 3854 argenteam
1292 3801 1344 3839 orm
1361 3783 1399 3839 Μ

250 3864 348 3943 iilia!
369 3873 397 3928 P
455 3873 612 3929 Bsiluanos
631 3874 709 3928 codd.
727 3873 789 3929 cdd.
804 3879 954 3942 prosterne
989 3871 1224 3928 ¹discribitsdd.
1287 3873 1321 3927 10
1339 3872 1395 3943 opi·

250 3980 359 4030 scopum
378 3980 429 4018 our.
448 3962 475 4018 R
512 3963 564 4016 Ὶ13
583 3963 779 4017 ecclesiastica·
799 3962 909 4031 &uitri
929 3961 960 4016 1?
1011 3960 1128 4016 Secundi
1147 3977 1198 4016 om.
1218 3961 1246 4018 R
1302 3963 1336 4015 14
1353 3961 1395 4016 iu·

249 4052 330 4105 dicit!
347 4054 456 4121 (porus
473 4056 541 4115 rae.)
561 4051 591 4105 F
671 4053 703 4105 15
722 4050 960 4105 mascnlinitannm
981 4050 1020 4116 (ui
1039 4065 1099 4118 esp.
1116 4054 1189 4116 aul)
1207 4049 1246 4104 Μ
1314 4048 1394 4102 mari·

248 4145 344 4195 tanum
362 4145 403 4206 (ta
421 4146 492 4209 sep.)
511 4140 539 4193 P
626 4141 661 4194 20
679 4138 786 4194 inditiis
804 4139 833 4192 P
919 4140 953 4193 21
974 4137 1128 4193 lucedsn'us
1146 4139 1174 4192 Δ
1245 4138 1279 4192 27
1300 4136 1395 4206 etiam]

250 4229 320 4282 ellim
341 4231 375 4283 M
