3309 4867
588 383 854 453 epistularum
880 380 980 439 xcln.
1298 387 1364 455 477

210 579 327 643 timere
357 576 494 642 cessisse
522 579 554 642 et
582 577 733 643 simulate
762 578 963 644 consensisse
991 597 1065 644 neu
1092 582 1205 645 reete
1236 576 1365 666 iugra-

211 685 379 750 dientes
416 683 463 749 ad
499 685 721 750 ueritatem
759 683 982 769 euangelii,
1024 685 1141 769 quibus
1177 692 1216 751 tu
1252 690 1366 770 postea

212 783 450 876 correctisssie,
479 809 573 873 quem
602 790 796 856 ad‘mcclam
824 791 980 875 ignotum,
1000 794 1061 869 est,
1087 791 1190 857 uelles
1217 792 1364 877 ignescit

211 916 343 979 prorsus
375 915 436 962 nun
469 896 554 962 nesti
592 897 731 962 litteras·
750 896 813 962 elei
849 897 922 980 luge
955 896 1050 976 enim,-
1088 898 1166 981 quid
1198 898 1237 963 de
1268 897 1363 963 Petro

114 990 120 997 ’
172 1002 522 1086 ιεαήρεοῐίὲκΡαιιΙιιε
550 1005 583 1067 et
610 1001 698 1087 quid·
718 1001 792 1067 iude
820 1002 918 1070 etiem
950 1003 1085 1068 senserit
1112 1002 1299 1088 Cyprianus,
1331 1009 1365 1069 et

210 1128 274 1198 pen
297 1109 357 1173 tibi
380 1107 549 1191 displiceat
570 1108 725 1174 ecelesiae
742 1108 966 1185 mansuetudo,
986 1127 1067 1193 quse
1086 1098 1228 1187 membra
1246 1108 1365 1177 Christi

210 1216 356 1301 dispersa
387 1215 521 1300 colligit
553 1234 616 1281 nou
649 1214 786 1282 collecta
822 1215 990 1300 dispergit,
1015 1233 1207 1300 quemquam
1240 1219 1274 1283 et
1302 1217 1363 1299 illi,
1435 1262 1437 1265 -

209 1321 268 1409 qui
295 1326 380 1396 tunc¹
402 1321 577 1387 firmissimi
594 1321 736 1387 ruerunt
763 1325 796 1389 at
821 1322 920 1387 uerba
951 1320 1182 1389 haereticorum
1210 1323 1364 1390 insidiosa

208 1429 396 1514 intellegere
413 1430 596 1512 potueruut,
615 1428 710 1512 pauci
728 1426 858 1510 quidem
877 1427 910 1492 iu
929 1428 1166 1511 comparatione
1185 1433 1362 1497 ceterorum
1401 1478 1405 1487 .

152 1561 188 1602 ιο
209 1535 268 1601 sed
305 1539 411 1601 tamen
443 1534 539 1598 etiam
570 1534 633 1618 ipsi
666 1526 795 1616 quidam
833 1553 889 1618 pro
928 1532 990 1599 fiee
1027 1532 1151 1601 fortiter
1183 1535 1362 1613 exulabant,

210 1641 341 1726 quidam
366 1646 445 1717 tote¹
463 1640 537 1706 orbe
564 1641 744 1706 latitabant.
768 1658 805 1706 ac
829 1640 876 1706 eie
900 1640 1047 1719 ecclesis,
1072 1660 1152 1724 quae
1175 1660 1232 1726 per
1254 1661 1362 1709 ornnes

209 1750 324 1832 gentes
344 1746 468 1824 crescit,
488 1748 518 1811 iu
537 1747 706 1812 frumentis
723 1735 899 1812 'dominicis
923 1750 1111 1813 conseruata
1133 1750 1184 1814 est
1207 1751 1241 1814 et
1262 1767 1362 1833 usque

209 1854 243 1921 ia
271 1851 376 1929 finem,
401 1852 500 1918 denec
533 1853 660 1919 omnine
688 1855 799 1938 gentes
823 1871 934 1921 ornnes
953 1853 1050 1918 etiam
1073 1854 1222 1920 barbaras
1244 1858 1361 1931 teneat,

209 1960 462 2025 ccuseruabitur.
494 1960 564 2043 ipsa
591 1963 642 2025 est
668 1960 754 2025 enim
782 1959 920 2025 ecclesia
946 1959 978 2025 iu
1006 1960 1089 2026 bene
1117 1961 1248 2041 semiue,
1277 1960 1362 2045 qued

92 2120 95 2123 ,
154 2090 189 2132 rs
210 2066 383 2133 seminarit
409 2066 501 2131 lilius¹
522 2065 660 2131 heminis
690 2069 724 2130 et
751 2058 919 2149 usquead
946 2084 1084 2135 messem
1113 2086 1253 2135 crescere
1280 2069 1362 2133 inter

210 2173 337 2240 zizania·
359 2173 605 2255 praenuntiauit.
638 2190 715 2257 ager
743 2175 850 2237 autem
879 2171 1019 2238 muudus
1048 2176 1107 2254 est,
1141 2173 1257 2239 messis
1289 2173 1361 2239 finis

211 2278 343 2345 saeculi.

95 2398 152 2463 32
255 2384 399 2450 Hilarius
432 2403 506 2470 ergc
535 2384 645 2450 decem
674 2384 908 2467 prouinciarum
936 2384 1125 2451 Asienarum
1153 2389 1210 2452 aut
1241 2386 1361 2452 zizania

209 2511 272 2558 aen
296 2491 438 2555 triticum
458 2491 612 2577 arguebat
631 2495 687 2555 aut
703 2490 811 2574 ipsum
831 2490 927 2555 etiam
951 2490 1104 2569 triticumr
1128 2492 1215 2574 quod
1235 2491 1359 2559 deiectu

153 2624 190 2664 w
209 2597 347 2682 quodam
390 2597 639 2679 periclitabatur,
686 2599 803 2679 quanto
850 2596 1075 2662 uehementius
1115 2602 1205 2664 tante
1247 2598 1360 2665 utilius

208 2704 405 2789 arguendum
433 2703 577 2787 putabat.
610 2690 729 2769 habeat
752 2703 836 2768 euim
864 2704 961 2768 etiam
990 2704 1165 2787 scripturae
1193 2704 1359 2777 canonicae
1408 2685 1415 2696 ⁸

207 2810 294 2875 hunc
321 2809 473 2894 arguendi
505 2829 635 2887 merem,
669 2814 707 2875 ut
738 2812 900 2893 tamquam
929 2809 1076 2893 omnibus
1105 2810 1229 2876 dicatur
1260 2815 1293 2876 et
1320 2811 1359 2875 ad

208 2916 364 2998 quosdam
397 2916 530 2980 uerbum
561 2915 736 2998 perueniat.
775 2915 860 2999 qued
892 2915 976 2980 eni-m
1010 2916 1089 2981 dicit
1119 2915 1285 3000 apostolus
1318 2916 1359 2981 ad

208 3021 405 3087 Corinthius:
436 3019 519 3100 Quo
545 3021 659 3088 mede
684 3021 828 3087 dicunt
851 3021 1013 3104 quidam
1043 3022 1234 3100 innubis,
1263 3023 1357 3105 quia

298 3266 311 3318 1
333 3262 393 3319 car
413 3265 438 3325 a.
459 3265 493 3319 14
545 3264 638 3320 scu.
653 3266 678 3327 a.
696 3264 1172 3335 11-14;cypr.ep.71‚3p.773,
1189 3266 1294 3321 rr-ae
1314 3264 1356 3320 ea.
1393 3250 1397 3263 “

205 3353 313 3408 Hartel.
369 3353 400 3406 11
420 3352 519 3408 aaut.
541 3353 583 3417 13,
602 3353 722 3417 24-803
742 3353 849 3408 38-39
904 3350 1051 3408 calcor.
1073 3354 1114 3416 15,
1135 3355 1205 3429 12*

245 3491 465 3562 lingredientes
485 3492 593 3562 quidem
613 3492 648 3548 ad
665 3493 693 3547 L
761 3494 847 3563 3eie]
867 3494 890 3547 ai
910 3493 936 3547 L
1004 3494 1109 3564 elegis
1128 3496 1154 3550 A
1224 3493 1359 3565 speulue

205 3579 349 3649 apestolus
367 3582 507 3651 scripserit
524 3580 553 3636 R
624 3582 641 3635 6
667 3580 804 3652 displicet,
824 3598 893 3637 corr.
913 3588 974 3636 m.1
995 3581 1140 3653 displiceat
1156 3583 1195 3637 M
1216 3583 1356 3653 dispiceret.

204 3670 274 3722 Μ
291 3667 434 3738 displiceat
452 3668 481 3722 R
545 3670 559 3723 7
580 3670 694 3739 collegit
711 3669 748 3723 Μ
806 3671 823 3725 9
842 3670 922 3740 pauci
940 3668 1062 3741 quidem]
1082 3671 1130 3726 aed
1146 3672 1228 3743 pauci
1247 3671 1355 3741 quidem

205 3760 272 3811 suut
286 3756 314 3811 P
327 3756 386 3821 (secl
400 3757 451 3812 del.
467 3759 534 3827 nal)
550 3776 567 3811 a
578 3758 618 3826 es
628 3759 676 3812 sed
691 3759 770 3828 pauci
785 3758 895 3828 quidem
909 3759 935 3812 L
945 3760 981 3813 rl
1034 3758 1068 3814 ad
1088 3760 1316 3830 comperatienern
1327 3759 1355 3813 R

207 3844 244 3901 lc
262 3844 393 3915 quilclem
411 3847 451 3899 M>
554 3847 714 3901 exultabant
731 3847 792 3902 MA
892 3850 922 3902 ll
944 3846 1240 3917 quidam—latitabant
1258 3863 1309 3902 om.
1328 3848 1354 3901 A

243 3934 276 3997 si,
294 3949 364 3991 corr.
383 3934 444 3989 ml
464 3935 503 3989 sic
521 3934 562 3989 M*
598 3935 742 4001 raomnes
761 3939 857 4005 gentes
876 3937 985 3990 omuino
1004 3937 1032 3991 Β
1051 3937 1158 3991 omuino
1177 3942 1274 4006 gentes
1292 3942 1354 4001 (em.

207 4026 312 4087 omnes)
334 4023 358 4077 C
448 4025 480 4076 14
500 4024 570 4077 euim
591 4028 635 4078 est
651 4024 679 4078 L
697 4028 741 4076 est
757 4023 843 4093 igitur
861 4024 888 4076 P
980 4025 1012 4080 16
1031 4023 1092 4078 fiais
1112 4028 1154 4078 est
1172 4024 1274 4079 saeculi
1293 4024 1353 4078 edd.

208 4111 242 4165 18
261 4112 337 4183 erge]
357 4127 421 4165 uere
441 4111 469 4167 R
558 4106 694 4167 asiniuurn
716 4111 874 4165 Gestarum
892 4112 920 4167 L
1010 4114 1044 4167 20
1064 4116 1178 4183 quanto]
1199 4110 1353 4182 quaudeA

205 4198 330 4253 tsntsL
403 4201 492 4271 tauto]
513 4205 614 4270 quante
634 4200 660 4254 L
741 4201 773 4254 21
800 4201 872 4254 euim
896 4218 947 4255 om.
966 4200 995 4256 R
1062 4202 1096 4256 23
1119 4201 1203 4271 eninr]
1228 4200 1310 4254 etiarn
1329 4198 1356 4251 P

244 4287 384 4357 apestolus
403 4288 472 4343 dicit
489 4286 550 4343 edrt
