<?xml version="1.0" encoding="UTF-8"?>
<!DOCTYPE html PUBLIC "-//W3C//DTD XHTML 1.0 Transitional//EN"
    "http://www.w3.org/TR/xhtml1/DTD/xhtml1-transitional.dtd">
<html xmlns="http://www.w3.org/1999/xhtml" xml:lang="en" lang="en">
 <head>
  <title>
</title>
<meta http-equiv="Content-Type" content="text/html;charset=utf-8" />
  <meta name='ocr-system' content='tesseract 3.04.00' />
  <meta name='ocr-capabilities' content='ocr_page ocr_carea ocr_par ocr_line ocrx_word'/>
</head>
<body>
  <div class='ocr_page' id='page_1' title='image "./savreliavgvstin00goldgoog_0432.png"; bbox 0 0 3309 4867; ppageno 0'>
   <div class='ocr_carea' id='block_1_1' title="bbox 288 328 1079 402">
    <p class='ocr_par' dir='ltr' id='par_1_1' title="bbox 288 328 1079 402">
     <span class='ocr_line' id='line_1_1' title="bbox 288 328 1079 402; baseline -0.013 -5"><span class='ocrx_word' id='word_1_1' title='bbox 288 332 354 397; x_wconf 79' lang='grc'>410</span> <span class='ocrx_word' id='word_1_2' title='bbox 642 334 668 385; x_wconf 85' lang='lat' dir='ltr'>S.</span> <span class='ocrx_word' id='word_1_3' title='bbox 696 332 833 386; x_wconf 78' lang='lat' dir='ltr'>Aureli</span> <span class='ocrx_word' id='word_1_4' title='bbox 862 328 1079 402; x_wconf 65' lang='lat' dir='ltr'>Augustini</span> 
     </span>
    </p>
   </div>
   <div class='ocr_carea' id='block_1_2' title="bbox 244 517 1443 759">
    <p class='ocr_par' dir='ltr' id='par_1_2' title="bbox 244 517 1443 759">
     <span class='ocr_line' id='line_1_2' title="bbox 244 517 1409 590; baseline -0.001 -10"><span class='ocrx_word' id='word_1_5' title='bbox 244 517 266 580; x_wconf 80' lang='grc'><strong>4</strong></span> <span class='ocrx_word' id='word_1_6' title='bbox 304 521 916 590; x_wconf 53' lang='grc' dir='ltr'>ΧΙΜΡΕΒΔἸῸΗΕδ(1111·181111138ἙῚιΑἯΙ</span> <span class='ocrx_word' id='word_1_7' title='bbox 939 524 1220 582; x_wconf 74' lang='lat' dir='ltr'>cousuauulul&#39;s</span> <span class='ocrx_word' id='word_1_8' title='bbox 1244 524 1409 580; x_wconf 76' lang='lat' dir='ltr'>MAXIMUS</span> 
     </span>
     <span class='ocr_line' id='line_1_3' title="bbox 289 607 1443 670; baseline 0.003 -7"><span class='ocrx_word' id='word_1_9' title='bbox 289 609 334 663; x_wconf 79' lang='lat' dir='ltr'>ul·</span> <span class='ocrx_word' id='word_1_10' title='bbox 353 609 532 667; x_wconf 79' lang='lat' dir='ltr'><strong>VALERIUS</strong></span> <span class='ocrx_word' id='word_1_11' title='bbox 550 610 763 668; x_wconf 73' lang='lat' dir='ltr'>lemluus</span> <span class='ocrx_word' id='word_1_12' title='bbox 781 611 944 670; x_wconf 76' lang='lat' dir='ltr'>ulclulus</span> <span class='ocrx_word' id='word_1_13' title='bbox 963 614 1012 668; x_wconf 75' lang='lat' dir='ltr'>AD</span> <span class='ocrx_word' id='word_1_14' title='bbox 1038 607 1256 669; x_wconf 77' lang='lat' dir='ltr'>Puuelnuuu</span> <span class='ocrx_word' id='word_1_15' title='bbox 1279 612 1443 669; x_wconf 81' lang='lat' dir='ltr'>PROCON-</span> 
     </span>
     <span class='ocr_line' id='line_1_4' title="bbox 713 700 1019 759; baseline -0.003 -3"><span class='ocrx_word' id='word_1_16' title='bbox 713 700 836 757; x_wconf 78' lang='lat' dir='ltr'>SULEM</span> <span class='ocrx_word' id='word_1_17' title='bbox 854 702 1019 759; x_wconf 71' lang='lat' dir='ltr'>nemeen.</span> 
     </span>
    </p>
   </div>
   <div class='ocr_carea' id='block_1_3' title="bbox 236 824 1520 3032">
    <p class='ocr_par' dir='ltr' id='par_1_3' title="bbox 286 824 1494 2608">
     <span class='ocr_line' id='line_1_5' title="bbox 333 824 1442 913; baseline 0.005 -24"><span class='ocrx_word' id='word_1_18' title='bbox 333 824 485 890; x_wconf 73' lang='lat' dir='ltr'>Aelianus</span> <span class='ocrx_word' id='word_1_19' title='bbox 509 826 733 909; x_wconf 77' lang='lat' dir='ltr'>praedeeessor</span> <span class='ocrx_word' id='word_1_20' title='bbox 755 832 833 892; x_wconf 89' lang='lat' dir='ltr'>tuus</span> <span class='ocrx_word' id='word_1_21' title='bbox 857 829 981 905; x_wconf 80' lang='lat' dir='ltr'>merito,</span> <span class='ocrx_word' id='word_1_22' title='bbox 1006 829 1083 894; x_wconf 90' lang='lat' dir='ltr'>dum</span> <span class='ocrx_word' id='word_1_23' title='bbox 1111 831 1160 893; x_wconf 93' lang='lat' dir='ltr'>uir</span> <span class='ocrx_word' id='word_1_24' title='bbox 1176 824 1442 913; x_wconf 71' lang='lat' dir='ltr'>⁴perfectissimus</span> 
     </span>
     <span class='ocr_line' id='line_1_6' title="bbox 291 930 1492 1019; baseline 0.004 -24"><span class='ocrx_word' id='word_1_25' title='bbox 291 930 403 1010; x_wconf 83' lang='lat' dir='ltr'>Verus,</span> <span class='ocrx_word' id='word_1_26' title='bbox 445 931 585 999; x_wconf 83' lang='lat' dir='ltr'>uicerius</span> <span class='ocrx_word' id='word_1_27' title='bbox 626 934 858 1017; x_wconf 67' lang='lat' dir='ltr'>praefectorum</span> <span class='ocrx_word' id='word_1_28' title='bbox 901 938 975 999; x_wconf 90' lang='lat' dir='ltr'>tunc</span> <span class='ocrx_word' id='word_1_29' title='bbox 1017 953 1073 1019; x_wconf 90' lang='lat' dir='ltr'>per</span> <span class='ocrx_word' id='word_1_30' title='bbox 1108 935 1249 1000; x_wconf 79' lang='lat' dir='ltr'>Africam</span> <span class='ocrx_word' id='word_1_31' title='bbox 1290 939 1492 1013; x_wconf 47' lang='lat' dir='ltr'>nostramm</span> 
     </span>
     <span class='ocr_line' id='line_1_7' title="bbox 289 1030 1443 1124; baseline 0.005 -25"><span class='ocrx_word' id='word_1_32' title='bbox 289 1034 489 1105; x_wconf 88' lang='lat' dir='ltr'>incommoda</span> <span class='ocrx_word' id='word_1_33' title='bbox 528 1030 705 1104; x_wconf 82' lang='lat' dir='ltr'>ualitudine</span> <span class='ocrx_word' id='word_1_34' title='bbox 742 1043 911 1119; x_wconf 85' lang='lat' dir='ltr'>teneretur,</span> <span class='ocrx_word' id='word_1_35' title='bbox 948 1040 1093 1106; x_wconf 86' lang='lat' dir='ltr'>eiusdem</span> <span class='ocrx_word' id='word_1_36' title='bbox 1128 1041 1272 1124; x_wconf 82' lang='lat' dir='ltr'>partibus</span> <span class='ocrx_word' id='word_1_37' title='bbox 1314 1041 1443 1106; x_wconf 86' lang='lat' dir='ltr'>functus</span> 
     </span>
     <span class='ocr_line' id='line_1_8' title="bbox 290 1138 1443 1231; baseline 0.003 -22"><span class='ocrx_word' id='word_1_38' title='bbox 290 1144 499 1211; x_wconf 73' lang='lat' dir='ltr'>intercutem</span> <span class='ocrx_word' id='word_1_39' title='bbox 521 1138 618 1213; x_wconf 87' lang='lat' dir='ltr'>etiam</span> <span class='ocrx_word' id='word_1_40' title='bbox 641 1145 674 1210; x_wconf 87' lang='lat' dir='ltr'>id</span> <span class='ocrx_word' id='word_1_41' title='bbox 696 1146 861 1231; x_wconf 83' lang='lat' dir='ltr'>negotium</span> <span class='ocrx_word' id='word_1_42' title='bbox 885 1149 938 1213; x_wconf 89' lang='lat' dir='ltr'>uel</span> <span class='ocrx_word' id='word_1_43' title='bbox 960 1146 1126 1223; x_wconf 79' lang='lat' dir='ltr'>inuidiam,</span> <span class='ocrx_word' id='word_1_44' title='bbox 1151 1146 1294 1231; x_wconf 79' lang='lat' dir='ltr'>quaele</span> <span class='ocrx_word' id='word_1_45' title='bbox 1313 1146 1443 1213; x_wconf 80' lang='lat' dir='ltr'>Caecili·</span> 
     </span>
     <span class='ocr_line' id='line_1_9' title="bbox 290 1250 1443 1335; baseline 0.001 -19"><span class='ocrx_word' id='word_1_46' title='bbox 290 1268 350 1317; x_wconf 86' lang='lat' dir='ltr'>eno</span> <span class='ocrx_word' id='word_1_47' title='bbox 382 1251 530 1335; x_wconf 85' lang='lat' dir='ltr'>episcopo</span> <span class='ocrx_word' id='word_1_48' title='bbox 564 1250 717 1318; x_wconf 84' lang='lat' dir='ltr'>ecclesius</span> <span class='ocrx_word' id='word_1_49' title='bbox 749 1253 926 1318; x_wconf 75' lang='lat' dir='ltr'>catholicae</span> <span class='ocrx_word' id='word_1_50' title='bbox 952 1252 1082 1318; x_wconf 83' lang='lat' dir='ltr'>uidetur</span> <span class='ocrx_word' id='word_1_51' title='bbox 1109 1272 1179 1319; x_wconf 87' lang='lat' dir='ltr'>esse</span> <span class='ocrx_word' id='word_1_52' title='bbox 1207 1256 1375 1331; x_wconf 70' lang='lat' dir='ltr'>commota,</span> <span class='ocrx_word' id='word_1_53' title='bbox 1403 1253 1443 1318; x_wconf 84' lang='lat' dir='ltr'>ad</span> 
     </span>
     <span class='ocr_line' id='line_1_10' title="bbox 291 1357 1442 1440; baseline -0.001 -18"><span class='ocrx_word' id='word_1_54' title='bbox 291 1376 418 1431; x_wconf 78' lang='lat' dir='ltr'>examen</span> <span class='ocrx_word' id='word_1_55' title='bbox 456 1377 550 1423; x_wconf 84' lang='lat' dir='ltr'>suurn</span> <span class='ocrx_word' id='word_1_56' title='bbox 587 1361 685 1440; x_wconf 89' lang='lat' dir='ltr'>atquo</span> <span class='ocrx_word' id='word_1_57' title='bbox 719 1357 894 1425; x_wconf 85' lang='lat' dir='ltr'>iussionem</span> <span class='ocrx_word' id='word_1_58' title='bbox 936 1358 1071 1425; x_wconf 87' lang='lat' dir='ltr'>credidit</span> <span class='ocrx_word' id='word_1_59' title='bbox 1111 1379 1182 1425; x_wconf 85' lang='lat' dir='ltr'>esse</span> <span class='ocrx_word' id='word_1_60' title='bbox 1223 1357 1442 1426; x_wconf 86' lang='lat' dir='ltr'>reuocandam.</span> 
     </span>
     <span class='ocr_line' id='line_1_11' title="bbox 291 1463 1491 1549; baseline 0.003 -22"><span class='ocrx_word' id='word_1_61' title='bbox 291 1463 408 1529; x_wconf 89' lang='lat' dir='ltr'>etenim</span> <span class='ocrx_word' id='word_1_62' title='bbox 433 1482 505 1529; x_wconf 91' lang='lat' dir='ltr'>cum</span> <span class='ocrx_word' id='word_1_63' title='bbox 529 1463 592 1529; x_wconf 88' lang='lat' dir='ltr'>iam</span> <span class='ocrx_word' id='word_1_64' title='bbox 616 1464 785 1548; x_wconf 85' lang='lat' dir='ltr'>Superium</span> <span class='ocrx_word' id='word_1_65' title='bbox 809 1465 1025 1530; x_wconf 74' lang='lat' dir='ltr'>centurionem</span> <span class='ocrx_word' id='word_1_66' title='bbox 1050 1469 1083 1530; x_wconf 93' lang='lat' dir='ltr'>et</span> <span class='ocrx_word' id='word_1_67' title='bbox 1105 1465 1320 1532; x_wconf 85' lang='lat' dir='ltr'>Caecilianum</span> <span class='ocrx_word' id='word_1_68' title='bbox 1343 1466 1443 1549; x_wconf 72' lang='lat' dir='ltr'>magi·</span> <span class='ocrx_word' id='word_1_69' title='bbox 1467 1497 1491 1533; x_wconf 77' lang='lat' dir='ltr'>n</span> 
     </span>
     <span class='ocr_line' id='line_1_12' title="bbox 291 1569 1444 1655; baseline 0.002 -22"><span class='ocrx_word' id='word_1_70' title='bbox 291 1572 428 1634; x_wconf 86' lang='lat' dir='ltr'>stratum</span> <span class='ocrx_word' id='word_1_71' title='bbox 450 1571 742 1655; x_wconf 76' lang='lat' dir='ltr'>Aptungitanorum</span> <span class='ocrx_word' id='word_1_72' title='bbox 769 1575 802 1636; x_wconf 89' lang='lat' dir='ltr'>et</span> <span class='ocrx_word' id='word_1_73' title='bbox 825 1570 1030 1637; x_wconf 86' lang='lat' dir='ltr'>Saturninum</span> <span class='ocrx_word' id='word_1_74' title='bbox 1061 1576 1276 1637; x_wconf 81' lang='lat' dir='ltr'>excuratorem</span> <span class='ocrx_word' id='word_1_75' title='bbox 1307 1576 1340 1636; x_wconf 84' lang='lat' dir='ltr'>et</span> <span class='ocrx_word' id='word_1_76' title='bbox 1363 1569 1444 1635; x_wconf 85' lang='lat' dir='ltr'>Call·</span> 
     </span>
     <span class='ocr_line' id='line_1_13' title="bbox 286 1675 1443 1761; baseline -0.001 -21"><span class='ocrx_word' id='word_1_77' title='bbox 286 1675 381 1741; x_wconf 46' lang='lat' dir='ltr'>&#39;bium</span> <span class='ocrx_word' id='word_1_78' title='bbox 416 1676 581 1754; x_wconf 90' lang='lat' dir='ltr'>iuniorem,</span> <span class='ocrx_word' id='word_1_79' title='bbox 619 1677 762 1743; x_wconf 84' lang='lat' dir='ltr'>eiusdem</span> <span class='ocrx_word' id='word_1_80' title='bbox 798 1675 942 1742; x_wconf 80' lang='lat' dir='ltr'>ciuitatis</span> <span class='ocrx_word' id='word_1_81' title='bbox 980 1684 1178 1755; x_wconf 66' lang='lat' dir='ltr'>curatorem:</span> <span class='ocrx_word' id='word_1_82' title='bbox 1207 1684 1302 1761; x_wconf 91' lang='lat' dir='ltr'>atque</span> <span class='ocrx_word' id='word_1_83' title='bbox 1334 1676 1443 1742; x_wconf 86' lang='lat' dir='ltr'>Solum</span> 
     </span>
     <span class='ocr_line' id='line_1_14' title="bbox 290 1782 1445 1867; baseline 0 -19"><span class='ocrx_word' id='word_1_84' title='bbox 290 1792 421 1849; x_wconf 80' lang='lat' dir='ltr'>semum</span> <span class='ocrx_word' id='word_1_85' title='bbox 459 1782 625 1866; x_wconf 87' lang='lat' dir='ltr'>publicum</span> <span class='ocrx_word' id='word_1_86' title='bbox 661 1800 758 1867; x_wconf 87' lang='lat' dir='ltr'>supra</span> <span class='ocrx_word' id='word_1_87' title='bbox 794 1785 931 1867; x_wconf 79' lang='lat' dir='ltr'>scriptae</span> <span class='ocrx_word' id='word_1_88' title='bbox 968 1783 1109 1849; x_wconf 86' lang='lat' dir='ltr'>ciuitatis</span> <span class='ocrx_word' id='word_1_89' title='bbox 1150 1788 1334 1867; x_wconf 83' lang='lat' dir='ltr'>praesentes</span> <span class='ocrx_word' id='word_1_90' title='bbox 1374 1801 1445 1848; x_wconf 87' lang='lat' dir='ltr'>esse</span> 
     </span>
     <span class='ocr_line' id='line_1_15' title="bbox 291 1887 1441 1972; baseline -0.003 -18"><span class='ocrx_word' id='word_1_91' title='bbox 291 1889 433 1965; x_wconf 79' lang='lat' dir='ltr'>fecisset,</span> <span class='ocrx_word' id='word_1_92' title='bbox 470 1887 664 1954; x_wconf 83' lang='lat' dir='ltr'>audientiam</span> <span class='ocrx_word' id='word_1_93' title='bbox 699 1887 847 1972; x_wconf 80' lang='lat' dir='ltr'>praebuit</span> <span class='ocrx_word' id='word_1_94' title='bbox 882 1892 1127 1972; x_wconf 83' lang='lat' dir='ltr'>competentem,</span> <span class='ocrx_word' id='word_1_95' title='bbox 1163 1888 1241 1953; x_wconf 90' lang='lat' dir='ltr'>adeo</span> <span class='ocrx_word' id='word_1_96' title='bbox 1285 1894 1329 1966; x_wconf 85' lang='lat' dir='ltr'>ut,</span> <span class='ocrx_word' id='word_1_97' title='bbox 1370 1907 1441 1952; x_wconf 87' lang='lat' dir='ltr'>cum</span> 
     </span>
     <span class='ocr_line' id='line_1_16' title="bbox 292 1992 1492 2078; baseline -0.006 -15"><span class='ocrx_word' id='word_1_98' title='bbox 292 1993 471 2063; x_wconf 78' lang='lat' dir='ltr'>Caeciliano</span> <span class='ocrx_word' id='word_1_99' title='bbox 494 1993 611 2059; x_wconf 84' lang='lat' dir='ltr'>inisset</span> <span class='ocrx_word' id='word_1_100' title='bbox 632 1993 804 2070; x_wconf 83' lang='lat' dir='ltr'>obiectum,</span> <span class='ocrx_word' id='word_1_101' title='bbox 828 1992 914 2076; x_wconf 88' lang='lat' dir='ltr'>quod</span> <span class='ocrx_word' id='word_1_102' title='bbox 936 2013 955 2058; x_wconf 88' lang='lat' dir='ltr'>a</span> <span class='ocrx_word' id='word_1_103' title='bbox 977 1993 1082 2060; x_wconf 77' lang='lat' dir='ltr'>Felice</span> <span class='ocrx_word' id='word_1_104' title='bbox 1110 1994 1212 2059; x_wconf 89' lang='lat' dir='ltr'>eidem</span> <span class='ocrx_word' id='word_1_105' title='bbox 1241 1995 1444 2078; x_wconf 79' lang='lat' dir='ltr'>episcopatus</span> <span class='ocrx_word' id='word_1_106' title='bbox 1465 2019 1492 2057; x_wconf 67' lang='grc' dir='ltr'>ιε</span> 
     </span>
     <span class='ocr_line' id='line_1_17' title="bbox 292 2098 1443 2184; baseline -0.001 -20"><span class='ocrx_word' id='word_1_107' title='bbox 292 2099 455 2166; x_wconf 86' lang='lat' dir='ltr'>uideretur</span> <span class='ocrx_word' id='word_1_108' title='bbox 485 2118 556 2165; x_wconf 91' lang='lat' dir='ltr'>esse</span> <span class='ocrx_word' id='word_1_109' title='bbox 589 2098 725 2179; x_wconf 81' lang='lat' dir='ltr'>delatus,</span> <span class='ocrx_word' id='word_1_110' title='bbox 758 2100 811 2165; x_wconf 86' lang='lat' dir='ltr'>oui</span> <span class='ocrx_word' id='word_1_111' title='bbox 845 2099 1024 2165; x_wconf 81' lang='lat' dir='ltr'>diuinarum</span> <span class='ocrx_word' id='word_1_112' title='bbox 1055 2100 1282 2184; x_wconf 81' lang='lat' dir='ltr'>seripturarum</span> <span class='ocrx_word' id='word_1_113' title='bbox 1306 2099 1443 2183; x_wconf 86' lang='lat' dir='ltr'>proditio</span> 
     </span>
     <span class='ocr_line' id='line_1_18' title="bbox 292 2205 1441 2289; baseline -0.003 -17"><span class='ocrx_word' id='word_1_114' title='bbox 292 2210 387 2289; x_wconf 85' lang='lat' dir='ltr'>atque</span> <span class='ocrx_word' id='word_1_115' title='bbox 419 2207 541 2272; x_wconf 81' lang='lat' dir='ltr'>exustio</span> <span class='ocrx_word' id='word_1_116' title='bbox 574 2205 737 2271; x_wconf 83' lang='lat' dir='ltr'>uideretur</span> <span class='ocrx_word' id='word_1_117' title='bbox 768 2206 904 2284; x_wconf 83' lang='lat' dir='ltr'>obiecta.</span> <span class='ocrx_word' id='word_1_118' title='bbox 936 2207 1136 2273; x_wconf 88' lang='lat' dir='ltr'>innocentem</span> <span class='ocrx_word' id='word_1_119' title='bbox 1170 2206 1208 2272; x_wconf 90' lang='lat' dir='ltr'>de</span> <span class='ocrx_word' id='word_1_120' title='bbox 1237 2226 1274 2273; x_wconf 90' lang='lat' dir='ltr'>eo</span> <span class='ocrx_word' id='word_1_121' title='bbox 1303 2206 1441 2271; x_wconf 82' lang='lat' dir='ltr'>Felicem</span> 
     </span>
     <span class='ocr_line' id='line_1_19' title="bbox 291 2311 1444 2398; baseline -0.003 -20"><span class='ocrx_word' id='word_1_122' title='bbox 291 2313 392 2378; x_wconf 80' lang='lat' dir='ltr'>luisse</span> <span class='ocrx_word' id='word_1_123' title='bbox 416 2313 605 2381; x_wconf 74' lang='lat' dir='ltr'>constiterit</span> <span class='ocrx_word' id='word_1_124' title='bbox 634 2311 769 2395; x_wconf 83' lang='lat' dir='ltr'>denique</span> <span class='ocrx_word' id='word_1_125' title='bbox 798 2331 872 2379; x_wconf 91' lang='lat' dir='ltr'>curn</span> <span class='ocrx_word' id='word_1_126' title='bbox 900 2313 1059 2378; x_wconf 83' lang='lat' dir='ltr'>Maximus</span> <span class='ocrx_word' id='word_1_127' title='bbox 1087 2314 1267 2398; x_wconf 84' lang='lat' dir='ltr'>lugentium</span> <span class='ocrx_word' id='word_1_128' title='bbox 1302 2312 1444 2378; x_wconf 77' lang='lat' dir='ltr'>oseneio-</span> 
     </span>
     <span class='ocr_line' id='line_1_20' title="bbox 291 2417 1443 2502; baseline -0.002 -19"><span class='ocrx_word' id='word_1_129' title='bbox 291 2437 364 2485; x_wconf 88' lang='lat' dir='ltr'>nem</span> <span class='ocrx_word' id='word_1_130' title='bbox 401 2419 606 2502; x_wconf 77' lang='lat' dir='ltr'>ziquensium</span> <span class='ocrx_word' id='word_1_131' title='bbox 645 2418 786 2484; x_wconf 86' lang='lat' dir='ltr'>ciuitatis</span> <span class='ocrx_word' id='word_1_132' title='bbox 824 2419 995 2501; x_wconf 85' lang='lat' dir='ltr'>epistulam</span> <span class='ocrx_word' id='word_1_133' title='bbox 1035 2419 1204 2484; x_wconf 83' lang='lat' dir='ltr'>Caeciliani</span> <span class='ocrx_word' id='word_1_134' title='bbox 1243 2417 1443 2483; x_wconf 83' lang='lat' dir='ltr'>exdunmuiri</span> 
     </span>
     <span class='ocr_line' id='line_1_21' title="bbox 291 2522 1494 2608; baseline 0 -19"><span class='ocrx_word' id='word_1_135' title='bbox 291 2522 424 2593; x_wconf 75' lang='lat' dir='ltr'>fusuro</span> <span class='ocrx_word' id='word_1_136' title='bbox 461 2524 675 2602; x_wconf 85' lang='lat' dir='ltr'>contenderet,</span> <span class='ocrx_word' id='word_1_137' title='bbox 712 2524 847 2591; x_wconf 88' lang='lat' dir='ltr'>eundem</span> <span class='ocrx_word' id='word_1_138' title='bbox 884 2523 990 2607; x_wconf 91' lang='lat' dir='ltr'>ipsum</span> <span class='ocrx_word' id='word_1_139' title='bbox 1027 2526 1209 2608; x_wconf 80' lang='lat' dir='ltr'>lugentium</span> <span class='ocrx_word' id='word_1_140' title='bbox 1252 2542 1445 2606; x_wconf 87' lang='lat' dir='ltr'>suspensum</span> <span class='ocrx_word' id='word_1_141' title='bbox 1465 2550 1494 2589; x_wconf 75' lang='lat' dir='ltr'>eo</span> 
     </span>
    </p>

    <p class='ocr_par' dir='ltr' id='par_1_4' title="bbox 236 2629 1520 3032">
     <span class='ocr_line' id='line_1_22' title="bbox 236 2629 1442 2719; baseline -0.003 -23"><span class='ocrx_word' id='word_1_142' title='bbox 236 2633 259 2647; x_wconf 86' lang='grc'>”</span> <span class='ocrx_word' id='word_1_143' title='bbox 292 2630 383 2708; x_wconf 68' lang='lat' dir='ltr'>acue,</span> <span class='ocrx_word' id='word_1_144' title='bbox 401 2715 403 2719; x_wconf 85' lang='lat'>.</span> <span class='ocrx_word' id='word_1_145' title='bbox 420 2648 500 2713; x_wconf 88' lang='lat' dir='ltr'>quae</span> <span class='ocrx_word' id='word_1_146' title='bbox 538 2629 699 2706; x_wconf 82' lang='lat' dir='ltr'>suberunt,</span> <span class='ocrx_word' id='word_1_147' title='bbox 736 2630 935 2713; x_wconf 85' lang='lat' dir='ltr'>peruidinnus</span> <span class='ocrx_word' id='word_1_148' title='bbox 972 2636 1005 2695; x_wconf 84' lang='lat' dir='ltr'>et</span> <span class='ocrx_word' id='word_1_149' title='bbox 1041 2630 1111 2695; x_wconf 86' lang='lat' dir='ltr'>ideo</span> <span class='ocrx_word' id='word_1_150' title='bbox 1149 2631 1278 2695; x_wconf 88' lang='lat' dir='ltr'>minime</span> <span class='ocrx_word' id='word_1_151' title='bbox 1310 2631 1442 2694; x_wconf 87' lang='lat' dir='ltr'>tortum.</span> 
     </span>
     <span class='ocr_line' id='line_1_23' title="bbox 280 2736 1443 2820; baseline 0.002 -20"><span class='ocrx_word' id='word_1_152' title='bbox 280 2736 375 2818; x_wconf 79' lang='lat' dir='ltr'>&#39;quod</span> <span class='ocrx_word' id='word_1_153' title='bbox 398 2755 433 2803; x_wconf 85' lang='lat' dir='ltr'>ne</span> <span class='ocrx_word' id='word_1_154' title='bbox 456 2736 658 2803; x_wconf 80' lang='lat' dir='ltr'>decurionem</span> <span class='ocrx_word' id='word_1_155' title='bbox 685 2737 891 2820; x_wconf 71' lang='lat' dir='ltr'>ziquensium</span> <span class='ocrx_word' id='word_1_156' title='bbox 923 2736 1065 2802; x_wconf 83' lang='lat' dir='ltr'>ciuitatis</span> <span class='ocrx_word' id='word_1_157' title='bbox 1098 2755 1169 2801; x_wconf 81' lang='lat' dir='ltr'>csse</span> <span class='ocrx_word' id='word_1_158' title='bbox 1196 2736 1443 2802; x_wconf 84' lang='lat' dir='ltr'>adseueraucrit.</span> 
     </span>
     <span class='ocr_line' id='line_1_24' title="bbox 291 2838 1520 2927; baseline -0.001 -21"><span class='ocrx_word' id='word_1_159' title='bbox 291 2840 373 2908; x_wconf 88' lang='lat' dir='ltr'>unde</span> <span class='ocrx_word' id='word_1_160' title='bbox 396 2842 558 2920; x_wconf 84' lang='lat' dir='ltr'>uolumus,</span> <span class='ocrx_word' id='word_1_161' title='bbox 582 2846 621 2909; x_wconf 90' lang='lat' dir='ltr'>ut</span> <span class='ocrx_word' id='word_1_162' title='bbox 644 2843 778 2909; x_wconf 85' lang='lat' dir='ltr'>eundern</span> <span class='ocrx_word' id='word_1_163' title='bbox 801 2844 908 2927; x_wconf 88' lang='lat' dir='ltr'>ipsum</span> <span class='ocrx_word' id='word_1_164' title='bbox 931 2843 1115 2927; x_wconf 82' lang='lat' dir='ltr'>lugentium</span> <span class='ocrx_word' id='word_1_165' title='bbox 1144 2843 1203 2908; x_wconf 86' lang='lat' dir='ltr'>sub</span> <span class='ocrx_word' id='word_1_166' title='bbox 1232 2838 1347 2906; x_wconf 83' lang='lat' dir='ltr'>idonea</span> <span class='ocrx_word' id='word_1_167' title='bbox 1372 2859 1443 2922; x_wconf 90' lang='lat' dir='ltr'>pro·</span> <span class='ocrx_word' id='word_1_168' title='bbox 1518 2910 1520 2915; x_wconf 85' lang='lat'><em>.</em></span> 
     </span>
     <span class='ocr_line' id='line_1_25' title="bbox 291 2946 1443 3032; baseline -0.001 -19"><span class='ocrx_word' id='word_1_169' title='bbox 291 2949 453 3015; x_wconf 84' lang='lat' dir='ltr'>secutione</span> <span class='ocrx_word' id='word_1_170' title='bbox 486 2949 525 3014; x_wconf 83' lang='lat' dir='ltr'>ed</span> <span class='ocrx_word' id='word_1_171' title='bbox 557 2950 746 3017; x_wconf 88' lang='lat' dir='ltr'>comitatum</span> <span class='ocrx_word' id='word_1_172' title='bbox 778 2969 885 3014; x_wconf 90' lang='lat' dir='ltr'>meum</span> <span class='ocrx_word' id='word_1_173' title='bbox 920 2949 1118 3015; x_wconf 75' lang='lat' dir='ltr'>Constantini</span> <span class='ocrx_word' id='word_1_174' title='bbox 1148 2948 1288 3032; x_wconf 80' lang='lat' dir='ltr'>Augusti</span> <span class='ocrx_word' id='word_1_175' title='bbox 1321 2946 1443 3025; x_wconf 68' lang='lat' dir='ltr'>mittas,</span> 
     </span>
    </p>
   </div>
   <div class='ocr_carea' id='block_1_4' title="bbox 275 3139 1520 4290">
    <p class='ocr_par' dir='ltr' id='par_1_5' title="bbox 275 3139 1520 4290">
     <span class='ocr_line' id='line_1_26' title="bbox 275 3139 1440 3224; baseline -0.001 -14"><span class='ocrx_word' id='word_1_176' title='bbox 275 3212 279 3217; x_wconf 70' lang='grc'><strong><em>,</em></strong></span> <span class='ocrx_word' id='word_1_177' title='bbox 328 3156 477 3212; x_wconf 73' lang='lat' dir='ltr'>lcaeecris</span> <span class='ocrx_word' id='word_1_178' title='bbox 495 3139 532 3212; x_wconf 78' lang='lat' dir='ltr'>M&#39;</span> <span class='ocrx_word' id='word_1_179' title='bbox 602 3157 714 3211; x_wconf 78' lang='lat' dir='ltr'>Flauius</span> <span class='ocrx_word' id='word_1_180' title='bbox 732 3158 824 3224; x_wconf 71' lang='lat' dir='ltr'>struo</span> <span class='ocrx_word' id='word_1_181' title='bbox 895 3156 1049 3211; x_wconf 63' lang='lat' dir='ltr'>‘iualeriuo</span> <span class='ocrx_word' id='word_1_182' title='bbox 1069 3156 1219 3211; x_wconf 85' lang='lat' dir='ltr'>lucinianus</span> <span class='ocrx_word' id='word_1_183' title='bbox 1238 3162 1267 3210; x_wconf 85' lang='lat' dir='ltr'>et</span> <span class='ocrx_word' id='word_1_184' title='bbox 1284 3155 1393 3208; x_wconf 76' lang='lat' dir='ltr'>licinius</span> <span class='ocrx_word' id='word_1_185' title='bbox 1412 3154 1440 3209; x_wconf 82' lang='lat' dir='ltr'><em>R</em></span> 
     </span>
     <span class='ocr_line' id='line_1_27' title="bbox 289 3242 1520 3319; baseline -0.002 -22"><span class='ocrx_word' id='word_1_186' title='bbox 289 3245 448 3300; x_wconf 66' lang='lat' dir='ltr'>Valerianus</span> <span class='ocrx_word' id='word_1_187' title='bbox 466 3245 587 3299; x_wconf 82' lang='lat' dir='ltr'>Licinius</span> <span class='ocrx_word' id='word_1_188' title='bbox 607 3262 650 3299; x_wconf 77' lang='lat' dir='ltr'>oc</span> <span class='ocrx_word' id='word_1_189' title='bbox 669 3244 791 3299; x_wconf 82' lang='lat' dir='ltr'>Valerius</span> <span class='ocrx_word' id='word_1_190' title='bbox 810 3243 931 3299; x_wconf 82' lang='lat' dir='ltr'>Licinius</span> <span class='ocrx_word' id='word_1_191' title='bbox 950 3250 1009 3300; x_wconf 77' lang='lat' dir='ltr'>ceti.</span> <span class='ocrx_word' id='word_1_192' title='bbox 1029 3243 1090 3319; x_wconf 71' lang='lat' dir='ltr'>edd.</span> <span class='ocrx_word' id='word_1_193' title='bbox 1172 3244 1189 3297; x_wconf 81' lang='grc'><strong>3</strong></span> <span class='ocrx_word' id='word_1_194' title='bbox 1208 3242 1306 3314; x_wconf 70' lang='lat' dir='ltr'>africes</span> <span class='ocrx_word' id='word_1_195' title='bbox 1324 3246 1350 3306; x_wconf 85' lang='lat' dir='ltr'>(s</span> <span class='ocrx_word' id='word_1_196' title='bbox 1368 3244 1440 3310; x_wconf 70' lang='lat' dir='ltr'>ap.)</span> <span class='ocrx_word' id='word_1_197' title='bbox 1515 3246 1520 3255; x_wconf 84' lang='lat'>&#39;</span> 
     </span>
     <span class='ocr_line' id='line_1_28' title="bbox 289 3329 1441 3404; baseline -0.004 -17"><span class='ocrx_word' id='word_1_198' title='bbox 289 3350 333 3388; x_wconf 81' lang='lat' dir='ltr'>eor</span> <span class='ocrx_word' id='word_1_199' title='bbox 350 3337 414 3388; x_wconf 81' lang='lat' dir='ltr'>tuus</span> <span class='ocrx_word' id='word_1_200' title='bbox 433 3334 530 3388; x_wconf 82' lang='lat' dir='ltr'>merito</span> <span class='ocrx_word' id='word_1_201' title='bbox 550 3333 586 3387; x_wconf 84' lang='lat' dir='ltr'>du</span> <span class='ocrx_word' id='word_1_202' title='bbox 604 3333 647 3387; x_wconf 85' lang='lat' dir='ltr'>uir</span> <span class='ocrx_word' id='word_1_203' title='bbox 664 3333 787 3388; x_wconf 83' lang='lat' dir='ltr'>helianus</span> <span class='ocrx_word' id='word_1_204' title='bbox 806 3332 936 3403; x_wconf 83' lang='lat' dir='ltr'>prodeoes</span> <span class='ocrx_word' id='word_1_205' title='bbox 950 3332 1186 3404; x_wconf 57' lang='lat' dir='ltr'>periectliseimus</span> <span class='ocrx_word' id='word_1_206' title='bbox 1201 3330 1237 3384; x_wconf 86' lang='grc' dir='ltr'><em>Μ</em></span> <span class='ocrx_word' id='word_1_207' title='bbox 1285 3329 1441 3385; x_wconf 70' lang='lat' dir='ltr'>lhelianus</span> 
     </span>
     <span class='ocr_line' id='line_1_29' title="bbox 289 3419 1439 3495; baseline -0.009 -17"><span class='ocrx_word' id='word_1_208' title='bbox 289 3421 368 3478; x_wconf 73' lang='lat' dir='ltr'>wod.</span> <span class='ocrx_word' id='word_1_209' title='bbox 387 3421 448 3477; x_wconf 76' lang='lat' dir='ltr'>ead.</span> <span class='ocrx_word' id='word_1_210' title='bbox 463 3427 576 3491; x_wconf 76' lang='lat' dir='ltr'>practer</span> <span class='ocrx_word' id='word_1_211' title='bbox 593 3438 620 3475; x_wconf 77' lang='lat' dir='ltr'>no</span> <span class='ocrx_word' id='word_1_212' title='bbox 691 3420 867 3491; x_wconf 82' lang='lat' dir='ltr'>prodecessor</span> <span class='ocrx_word' id='word_1_213' title='bbox 880 3419 997 3474; x_wconf 82' lang='lat' dir='ltr'><em>MFAR</em></span> <span class='ocrx_word' id='word_1_214' title='bbox 1015 3436 1133 3495; x_wconf 67' lang='lat' dir='ltr'>peccent,</span> <span class='ocrx_word' id='word_1_215' title='bbox 1151 3434 1208 3473; x_wconf 81' lang='lat' dir='ltr'>rue.</span> <span class='ocrx_word' id='word_1_216' title='bbox 1227 3424 1254 3472; x_wconf 77' lang='lat' dir='ltr'>et</span> <span class='ocrx_word' id='word_1_217' title='bbox 1271 3432 1343 3472; x_wconf 80' lang='lat' dir='ltr'>corr.</span> <span class='ocrx_word' id='word_1_218' title='bbox 1363 3424 1439 3486; x_wconf 80' lang='lat' dir='ltr'>poes-</span> 
     </span>
     <span class='ocr_line' id='line_1_30' title="bbox 279 3492 1441 3580; baseline -0.007 -15"><span class='ocrx_word' id='word_1_219' title='bbox 279 3492 333 3565; x_wconf 54' lang='grc' dir='ltr'>’σοι</span> <span class='ocrx_word' id='word_1_220' title='bbox 350 3509 379 3565; x_wconf 89' lang='lat' dir='ltr'><strong><em>P</em></strong></span> <span class='ocrx_word' id='word_1_221' title='bbox 465 3512 549 3580; x_wconf 70' lang='lat' dir='ltr'>iper</span> <span class='ocrx_word' id='word_1_222' title='bbox 566 3525 617 3567; x_wconf 79' lang='lat' dir='ltr'>ouo.</span> <span class='ocrx_word' id='word_1_223' title='bbox 637 3513 664 3563; x_wconf 78' lang='lat' dir='ltr'><strong><em>A</em></strong></span> <span class='ocrx_word' id='word_1_224' title='bbox 748 3514 865 3563; x_wconf 79' lang='lat' dir='ltr'>uestram</span> <span class='ocrx_word' id='word_1_225' title='bbox 884 3508 944 3562; x_wconf 77' lang='lat' dir='ltr'>edd.</span> <span class='ocrx_word' id='word_1_226' title='bbox 961 3515 1073 3576; x_wconf 72' lang='lat' dir='ltr'>practer</span> <span class='ocrx_word' id='word_1_227' title='bbox 1090 3523 1117 3561; x_wconf 84' lang='lat' dir='ltr'>nr</span> <span class='ocrx_word' id='word_1_228' title='bbox 1207 3501 1441 3561; x_wconf 75' lang='lat' dir='ltr'>(iineommodet’l</span> 
     </span>
     <span class='ocr_line' id='line_1_31' title="bbox 289 3588 1441 3669; baseline -0.009 -15"><span class='ocrx_word' id='word_1_229' title='bbox 289 3603 398 3669; x_wconf 60' lang='lat' dir='ltr'>wareo</span> <span class='ocrx_word' id='word_1_230' title='bbox 415 3603 483 3664; x_wconf 67' lang='lat' dir='ltr'>foe.)</span> <span class='ocrx_word' id='word_1_231' title='bbox 503 3597 533 3651; x_wconf 84' lang='lat' dir='ltr'><em>F</em></span> <span class='ocrx_word' id='word_1_232' title='bbox 584 3588 841 3654; x_wconf 71' lang='lat' dir='ltr'>serenicum</span> <span class='ocrx_word' id='word_1_233' title='bbox 899 3598 930 3650; x_wconf 87' lang='lat'>10</span> <span class='ocrx_word' id='word_1_234' title='bbox 948 3597 1014 3666; x_wconf 88' lang='lat' dir='ltr'>iam]</span> <span class='ocrx_word' id='word_1_235' title='bbox 1033 3600 1091 3650; x_wconf 81' lang='lat' dir='ltr'>tem</span> <span class='ocrx_word' id='word_1_236' title='bbox 1109 3594 1188 3650; x_wconf 77' lang='lat' dir='ltr'>codd.</span> <span class='ocrx_word' id='word_1_237' title='bbox 1204 3611 1223 3648; x_wconf 86' lang='lat' dir='ltr'>e</span> <span class='ocrx_word' id='word_1_238' title='bbox 1295 3592 1441 3662; x_wconf 74' lang='lat' dir='ltr'>megistus·</span> 
     </span>
     <span class='ocr_line' id='line_1_32' title="bbox 287 3680 1441 3757; baseline -0.008 -15"><span class='ocrx_word' id='word_1_239' title='bbox 287 3692 365 3743; x_wconf 85' lang='lat' dir='ltr'>tuum</span> <span class='ocrx_word' id='word_1_240' title='bbox 384 3683 531 3742; x_wconf 67' lang='lat' dir='ltr'>Munna</span> <span class='ocrx_word' id='word_1_241' title='bbox 615 3688 645 3742; x_wconf 96' lang='lat' dir='ltr'>ll</span> <span class='ocrx_word' id='word_1_242' title='bbox 667 3686 907 3757; x_wconf 68' lang='lat' dir='ltr'>aptugnitanorum</span> <span class='ocrx_word' id='word_1_243' title='bbox 926 3685 961 3739; x_wconf 79' lang='grc' dir='ltr'><em>Μ</em></span> <span class='ocrx_word' id='word_1_244' title='bbox 980 3691 1024 3749; x_wconf 78' lang='lat' dir='ltr'>(eu</span> <span class='ocrx_word' id='word_1_245' title='bbox 1042 3685 1277 3754; x_wconf 81' lang='lat' dir='ltr'>eptuguiletoruru</span> <span class='ocrx_word' id='word_1_246' title='bbox 1298 3700 1332 3736; x_wconf 77' lang='lat' dir='ltr'>nu.</span> <span class='ocrx_word' id='word_1_247' title='bbox 1346 3685 1367 3749; x_wconf 79' lang='lat' dir='ltr'>l&gt;</span> <span class='ocrx_word' id='word_1_248' title='bbox 1386 3680 1441 3735; x_wconf 72' lang='grc' dir='ltr'>ΡΑ</span> 
     </span>
     <span class='ocr_line' id='line_1_33' title="bbox 288 3770 1443 3847; baseline -0.006 -16"><span class='ocrx_word' id='word_1_249' title='bbox 288 3776 509 3847; x_wconf 70' lang='lat' dir='ltr'>aptugitanorurn</span> <span class='ocrx_word' id='word_1_250' title='bbox 528 3777 556 3830; x_wconf 95' lang='lat' dir='ltr'><strong><em>P</em></strong></span> <span class='ocrx_word' id='word_1_251' title='bbox 572 3776 817 3847; x_wconf 77' lang='lat' dir='ltr'>appungitenorum</span> <span class='ocrx_word' id='word_1_252' title='bbox 837 3774 865 3829; x_wconf 82' lang='lat' dir='ltr'><em>R</em></span> <span class='ocrx_word' id='word_1_253' title='bbox 937 3778 1093 3827; x_wconf 83' lang='lat' dir='ltr'>ercure&#39;lorc</span> <span class='ocrx_word' id='word_1_254' title='bbox 1107 3772 1225 3827; x_wconf 79' lang='lat' dir='ltr'><strong><em>MFAP</em></strong></span> <span class='ocrx_word' id='word_1_255' title='bbox 1299 3776 1327 3826; x_wconf 87' lang='lat' dir='ltr'>et</span> <span class='ocrx_word' id='word_1_256' title='bbox 1344 3783 1396 3826; x_wconf 70' lang='lat' dir='ltr'>om.</span> <span class='ocrx_word' id='word_1_257' title='bbox 1410 3770 1443 3824; x_wconf 82' lang='lat' dir='ltr'><em>F</em></span> 
     </span>
     <span class='ocr_line' id='line_1_34' title="bbox 289 3858 1440 3935; baseline -0.006 -16"><span class='ocrx_word' id='word_1_258' title='bbox 289 3866 323 3919; x_wconf 84' lang='lat'>12</span> <span class='ocrx_word' id='word_1_259' title='bbox 341 3865 468 3920; x_wconf 83' lang='lat' dir='ltr'>Solonem</span> <span class='ocrx_word' id='word_1_260' title='bbox 488 3863 557 3919; x_wconf 75' lang='lat' dir='ltr'>lrnr</span> <span class='ocrx_word' id='word_1_261' title='bbox 645 3865 677 3919; x_wconf 84' lang='lat' dir='ltr'>la</span> <span class='ocrx_word' id='word_1_262' title='bbox 696 3863 861 3935; x_wconf 78' lang='lat' dir='ltr'>praesentes]</span> <span class='ocrx_word' id='word_1_263' title='bbox 883 3867 993 3933; x_wconf 80' lang='lat' dir='ltr'>pensent</span> <span class='ocrx_word' id='word_1_264' title='bbox 1013 3862 1040 3916; x_wconf 89' lang='lat' dir='ltr'><strong><em>P</em></strong></span> <span class='ocrx_word' id='word_1_265' title='bbox 1119 3864 1153 3917; x_wconf 80' lang='grc'>14</span> <span class='ocrx_word' id='word_1_266' title='bbox 1173 3878 1232 3915; x_wconf 89' lang='lat' dir='ltr'>cum</span> <span class='ocrx_word' id='word_1_267' title='bbox 1252 3877 1304 3915; x_wconf 82' lang='lat' dir='ltr'>om.</span> <span class='ocrx_word' id='word_1_268' title='bbox 1324 3858 1402 3914; x_wconf 75' lang='lat' dir='ltr'>codd.</span> <span class='ocrx_word' id='word_1_269' title='bbox 1423 3878 1440 3912; x_wconf 86' lang='lat' dir='ltr'>n</span> 
     </span>
     <span class='ocr_line' id='line_1_35' title="bbox 289 3947 1441 4022; baseline -0.007 -13"><span class='ocrx_word' id='word_1_270' title='bbox 289 3953 559 4009; x_wconf 68' lang='lat' dir='ltr'>memilianum</span> <span class='ocrx_word' id='word_1_271' title='bbox 620 3954 652 4008; x_wconf 89' lang='grc'>17</span> <span class='ocrx_word' id='word_1_272' title='bbox 668 3954 782 4022; x_wconf 70' lang='lat' dir='ltr'>euumio]</span> <span class='ocrx_word' id='word_1_273' title='bbox 804 3951 984 4014; x_wconf 81' lang='lat' dir='ltr'>excusatioR</span> <span class='ocrx_word' id='word_1_274' title='bbox 1045 3951 1310 4005; x_wconf 65' lang='lat' dir='ltr'>lenociniorum</span> <span class='ocrx_word' id='word_1_275' title='bbox 1393 3947 1441 4001; x_wconf 85' lang='lat' dir='ltr'>vi-</span> 
     </span>
     <span class='ocr_line' id='line_1_36' title="bbox 287 4035 1440 4112; baseline -0.006 -15"><span class='ocrx_word' id='word_1_276' title='bbox 287 4043 410 4112; x_wconf 79' lang='lat' dir='ltr'>gentium</span> <span class='ocrx_word' id='word_1_277' title='bbox 428 4042 488 4099; x_wconf 79' lang='lat' dir='ltr'>edd.</span> <span class='ocrx_word' id='word_1_278' title='bbox 503 4048 652 4112; x_wconf 69' lang='lat' dir='ltr'>presteris</span> <span class='ocrx_word' id='word_1_279' title='bbox 743 4042 776 4096; x_wconf 79' lang='lat'>19</span> <span class='ocrx_word' id='word_1_280' title='bbox 795 4041 956 4109; x_wconf 83' lang='lat' dir='ltr'>ziquinsiurn</span> <span class='ocrx_word' id='word_1_281' title='bbox 975 4045 1000 4094; x_wconf 74' lang='lat' dir='ltr'><strong><em>A</em></strong></span> <span class='ocrx_word' id='word_1_282' title='bbox 1076 4057 1107 4093; x_wconf 87' lang='lat' dir='ltr'>ex</span> <span class='ocrx_word' id='word_1_283' title='bbox 1126 4039 1276 4093; x_wconf 84' lang='lat' dir='ltr'>duumuiris</span> <span class='ocrx_word' id='word_1_284' title='bbox 1295 4035 1374 4092; x_wconf 77' lang='lat' dir='ltr'>codd.</span> <span class='ocrx_word' id='word_1_285' title='bbox 1395 4052 1440 4090; x_wconf 83' lang='lat' dir='ltr'>ex·</span> 
     </span>
     <span class='ocr_line' id='line_1_37' title="bbox 287 4121 1443 4193; baseline -0.006 -9"><span class='ocrx_word' id='word_1_286' title='bbox 287 4130 423 4186; x_wconf 84' lang='lat' dir='ltr'>duumuiri</span> <span class='ocrx_word' id='word_1_287' title='bbox 440 4148 468 4184; x_wconf 83' lang='lat' dir='ltr'>nc</span> <span class='ocrx_word' id='word_1_288' title='bbox 487 4146 518 4184; x_wconf 81' lang='lat' dir='ltr'>ex</span> <span class='ocrx_word' id='word_1_289' title='bbox 537 4129 630 4184; x_wconf 83' lang='lat' dir='ltr'>diuino</span> <span class='ocrx_word' id='word_1_290' title='bbox 649 4129 707 4184; x_wconf 87' lang='lat' dir='ltr'>iure</span> <span class='ocrx_word' id='word_1_291' title='bbox 726 4134 784 4184; x_wconf 83' lang='lat' dir='ltr'>cett.</span> <span class='ocrx_word' id='word_1_292' title='bbox 804 4127 867 4183; x_wconf 73' lang='lat' dir='ltr'>cdd.</span> <span class='ocrx_word' id='word_1_293' title='bbox 923 4128 957 4182; x_wconf 81' lang='lat'>20</span> <span class='ocrx_word' id='word_1_294' title='bbox 976 4127 1084 4181; x_wconf 82' lang='lat' dir='ltr'>faleisse</span> <span class='ocrx_word' id='word_1_295' title='bbox 1099 4131 1124 4181; x_wconf 81' lang='lat' dir='ltr'><strong><em>A</em></strong></span> <span class='ocrx_word' id='word_1_296' title='bbox 1180 4128 1213 4193; x_wconf 78' lang='lat'>21</span> <span class='ocrx_word' id='word_1_297' title='bbox 1235 4130 1309 4180; x_wconf 77' lang='lat' dir='ltr'>setes</span> <span class='ocrx_word' id='word_1_298' title='bbox 1326 4121 1443 4178; x_wconf 77' lang='lat' dir='ltr'><em>MFAR</em></span> 
     </span>
     <span class='ocr_line' id='line_1_38' title="bbox 286 4217 1171 4290; baseline -0.005 -17"><span class='ocrx_word' id='word_1_299' title='bbox 286 4218 502 4290; x_wconf 70' lang='lat' dir='ltr'>ceninensium</span> <span class='ocrx_word' id='word_1_300' title='bbox 520 4222 547 4272; x_wconf 77' lang='lat' dir='ltr'><strong><em>A</em></strong></span> <span class='ocrx_word' id='word_1_301' title='bbox 620 4234 679 4273; x_wconf 76' lang='lat' dir='ltr'>eone</span> <span class='ocrx_word' id='word_1_302' title='bbox 698 4232 749 4272; x_wconf 79' lang='lat' dir='ltr'>om.</span> <span class='ocrx_word' id='word_1_303' title='bbox 769 4217 828 4270; x_wconf 78' lang='lat' dir='ltr'>edd.</span> <span class='ocrx_word' id='word_1_304' title='bbox 885 4217 919 4270; x_wconf 79' lang='lat'>28</span> <span class='ocrx_word' id='word_1_305' title='bbox 938 4217 1126 4285; x_wconf 84' lang='lat' dir='ltr'>persecutione</span> <span class='ocrx_word' id='word_1_306' title='bbox 1145 4218 1171 4269; x_wconf 79' lang='lat' dir='ltr'><strong><em>A</em></strong></span> 
     </span>
    </p>
   </div>
   <div class='ocr_carea' id='block_1_5' title="bbox 0 0 1660 4867">
    <p class='ocr_par' dir='ltr' id='par_1_6' title="bbox 0 0 1660 4867">
     <span class='ocr_line' id='line_1_39' title="bbox 0 0 1660 4867; baseline 0 1"><span class='ocrx_word' id='word_1_307' title='bbox 0 0 1660 4867; x_wconf 95' lang='lat' dir='ltr'> </span> 
     </span>
    </p>
   </div>
  </div>
 </body>
</html>
