3309 4867
622 365 889 437 epistolapum
916 363 1060 421 LXXXIX.
1133 335 1136 338 ἦ
1267 405 1281 417 -
1346 342 1410 433 421

221 579 225 584 ·
262 578 329 625 rem
371 556 530 644 perditum
571 558 703 624 minima
743 558 929 642 reprimunt,
970 577 1083 624 nerum
1124 558 1221 624 etam
1261 556 1413 624 honorem
1526 579 1530 589 ·

262 670 438 752 martyrum
470 667 636 746 quaerunt,
668 665 760 750 quasi
788 684 866 731 nero
895 665 1066 731 Christiani
1099 662 1249 731 catholici
1279 662 1413 747 impera·

263 777 349 861 tores
381 769 536 847 aduersus
568 790 678 838 eorum
709 773 997 855 pertinacissimam
1024 771 1228 856 iniquitatem
1256 770 1342 836 alind
1365 789 1413 835 ee·

265 880 402 962 quantur
432 897 527 961 quam
555 874 757 944 Constantini
785 878 951 956 indicium,
985 877 1070 961 apud
1097 896 1194 961 quem
1221 861 1304 943 altro
1335 875 1413 943 an-

232 985 370 1071 soiliani
391 990 592 1050 accusatores
615 984 753 1062 luerunt,
777 984 870 1051 cuias
893 985 1116 1059 auctoritatem
1133 982 1287 1050 omnibns
1310 987 1412 1047 trans·

264 1091 393 1158 marinis
422 1090 580 1176 episeopis
607 1091 836 1175 praetulerunt,
864 1090 988 1158 utnon
1018 1090 1058 1156 ad
1079 1090 1154 1156 illos
1178 1089 1235 1155 scd
1257 1088 1296 1154 ad
1318 1088 1412 1155 illam

264 1197 417 1265 ecclesiae
450 1217 579 1264 causam
611 1198 777 1276 deferrent,
809 1202 848 1263 ut
880 1199 919 1264 ab
948 1216 985 1264 eo
1014 1196 1123 1262 datum
1150 1198 1183 1262 in
1211 1195 1288 1262 urbe
1310 1195 1412 1261 Roma

263 1304 443 1391 episcopale
469 1303 635 1393 iusticiam2
663 1303 787 1388 inquo
815 1302 953 1387 primum
981 1302 1061 1368 uicti
1076 1306 1170 1380 sunt
1193 1319 1303 1367 narsus
1326 1300 1412 1384 apud

263 1412 355 1477 illum
387 1400 583 1488 accusarent,
615 1414 654 1476 ut
679 1411 718 1476 ab
746 1411 845 1476 altero
874 1410 913 1476 ad
936 1410 1099 1476 Arelaturn
1133 1408 1207 1474 dato
1239 1406 1413 1492 episcopali

213 1545 244 1587 ro
262 1516 380 1582 iudicio
413 1514 453 1580 ad
484 1515 576 1582 illum
609 1514 813 1597 appellarent,
846 1514 932 1598 apud
963 1533 1058 1598 quem
1093 1516 1200 1579 tamen
1236 1513 1411 1579 nouissime

225 1650 229 1656 ,
262 1622 404 1707 soporati
430 1621 467 1697 in,
492 1640 552 1687 sna
577 1616 789 1705 peruersitate
809 1624 1004 1686 manserunt.
1033 1622 1123 1703 pato,
1148 1619 1234 1704 quod
1255 1620 1324 1703 ipsc
1347 1619 1412 1685 dia·

262 1729 366 1807 bolus,
405 1728 432 1794 si
469 1728 658 1793 anctoritate
693 1727 820 1805 iudicis,
859 1747 954 1811 quem
990 1729 1074 1792 ultro
1112 1727 1261 1812 elegerat,
1292 1726 1410 1793 totiens
1454 1780 1456 1782 .

262 1835 452 1914 uinceretur,
488 1853 550 1900 non
587 1837 674 1899 esset
708 1838 775 1899 tam
811 1818 979 1916 inpudens,
1011 1835 1048 1898 ut
1083 1833 1114 1897 in
1148 1851 1185 1897 aa
1216 1849 1312 1898 causa
1342 1851 1411 1916 per·

264 1942 401 2007 sisteret.

154 2058 179 2120 4
214 2074 244 2115 ιι
309 2047 370 2113 Sed
402 2048 481 2112 haec
513 2048 651 2112 hnmana
684 2046 803 2112 iudicia
835 2045 1029 2130 deputentur
1060 2049 1092 2110 et
1124 2043 1346 2111 circumueniri
1374 2064 1410 2110 ac

262 2140 330 2225 falli
356 2154 410 2220 uel
439 2154 535 2219 etiam
563 2153 722 2236 connmpi
749 2153 894 2236 potuisse
923 2153 1078 2219 dicantur.
1112 2161 1169 2217 car
1200 2170 1274 2237 ergo
1307 2151 1411 2218 adhuc

262 2265 431 2326 accusatur
459 2260 661 2325 Christianus
691 2259 776 2325 orbis
804 2263 958 2325 terrarum
987 2262 1020 2324 et
1045 2259 1153 2325 nescio
1177 2257 1293 2342 quibus
1316 2257 1412 2323 tradi·

261 2371 367 2432 torum
390 2366 574 2431 criminibus
597 2366 779 2452 infamatur.
802 2366 857 2450 qni
880 2366 991 2448 utique
1014 2383 1072 2431 neo
1094 2365 1203 2449 potnit
1224 2383 1282 2431 neo
1300 2364 1411 2430 debuit

261 2474 324 2539 nisi
347 2472 457 2538 electis
480 2472 641 2538 iudicibus
665 2473 773 2556 potius
797 2491 893 2555 quam
911 2460 1008 2537 uictis
1026 2470 1243 2556 litigatoribus
1262 2470 1410 2539 credere?

211 2610 243 2650 so
260 2578 379 2644 babent
401 2578 485 2662 apnd
509 2579 603 2644 deum
627 2580 674 2644 illi
699 2578 821 2643 iudices
845 2597 975 2644 oausam
999 2596 1089 2643 suam
1114 2577 1183 2642 siue
1206 2577 1320 2644 bonam
1339 2578 1410 2645 sino

150 2724 160 2745 -.
262 2685 392 2761 malam3
417 2684 493 2769 quid
525 2686 602 2750 lecit
635 2684 770 2751 ecclesia
801 2689 870 2750 toto
905 2684 980 2750 orbe
1013 2684 1138 2751 diffusa.
1163 2702 1243 2767 qnae
1273 2703 1335 2750 non
1368 2684 1438 2749 ot-

261 2792 349 2859 aliad
381 2793 420 2858 ab
453 2793 525 2858 istis
557 2792 780 2877 rebaptizanda
812 2798 969 2869 censetur,
998 2792 1059 2857 nisi
1087 2793 1162 2878 qnia
1187 2792 1219 2855 in
1242 2809 1280 2856 ea
1302 2808 1409 2866 causa,

260 2901 293 2964 in
321 2918 393 2983 qna,
426 2898 502 2982 quid
529 2900 597 2964 neri
626 2902 721 2975 esset,
749 2898 891 2964 iudicare
919 2908 981 2965 non
1003 2900 1118 2982 potuit,
1143 2899 1189 2963 eis
1211 2897 1331 2982 potins,
1355 2897 1410 2980 qui

261 3005 399 3071 iudicare
436 3010 619 3091 potuerunt,
657 3025 752 3089 quam
790 3005 847 3080 eis,
885 3006 940 3090 qni
972 3024 1030 3070 nec
1062 3004 1203 3088 superati
1234 3010 1410 3078 cesserunt,

212 3142 243 3193 ga
262 3111 453 3177 credendum
490 3112 637 3196 putauit?
676 3130 693 3176 ο
726 3130 877 3196 magnum
916 3111 1032 3176 crimen
1074 3104 1233 3178 omninm'
1255 3104 1408 3195 gentium,

260 3237 339 3302 quas
362 3219 394 3285 in
420 3218 539 3283 semine
562 3218 706 3284 Abrahae
729 3218 960 3291 benedicendas
983 3216 1132 3302 promisit
1155 3216 1234 3285 dens
1257 3218 1300 3294 et,
1324 3215 1408 3282 sicut

259 3324 416 3408 promisit,
441 3324 596 3395 exhibuit!
622 3343 799 3408 quaecum
825 3343 903 3390 uoce
926 3343 989 3390 nna
1017 3325 1176 3389 dixerunt:
1209 3319 1323 3402 ‘Quare
1350 3341 1411 3387 nos

260 3430 361 3496 uultis
385 3430 598 3513 rebaptizare,
621 3430 831 3515 respondetur
853 3430 914 3496 eis:
939 3428 1032 3510 ‘Quia
1055 3428 1196 3507 nescitis,
1220 3428 1274 3512 qui
1292 3427 1411 3494 tuerint

349 3622 383 3675 26
403 3619 470 3676 Gen.
490 3620 533 3684 22,
554 3622 587 3674 lc

296 3727 474 3798 lparditnm,
493 3726 780 3799 m.2per‹litorurnP
833 3726 975 3781 2nerialt
1029 3726 1157 3781 rnatum
1176 3725 1275 3781 ooaR
1323 3722 1407 3793 iad]

258 3813 332 3886 apud
350 3813 409 3868 eid.
466 3814 499 3869 10
517 3814 647 3869 indicium
667 3815 695 3870 R
750 3816 779 3870 11
801 3817 921 3886 separati
940 3814 1057 3871 nrm
1129 3811 1409 3884 permansemntedd.

259 3906 293 3959 12
311 3903 426 3959 iudaicia
445 3903 482 3958 M
551 3904 673 3976 elegeras
691 3905 719 3960 R
775 3908 808 3960 15
826 3905 895 3960 haec
913 3922 966 3962 oar.
985 3906 1012 3958 Δ
1067 3905 1100 3959 16
1119 3904 1236 3975 potnias,
1255 3917 1325 3958 corr.
1344 3918 1371 3955 m
1396 3905 1418 3954 1¹

257 3993 379 4065 potuisse
394 3993 422 4047 P
437 3994 529 4064 potius
547 4011 585 4055 se,
604 3998 667 4048 Μ
685 3994 806 4065 potuisse
820 3997 848 4048 A
902 3995 935 4048 21
956 3993 1102 4048 aecclesiae
1116 3992 1143 4046 A
1198 3991 1234 4046 22
1247 3995 1370 4045 cessetur
1382 3990 1409 4042 A

295 4083 359 4152 quia
376 4098 428 4136 om.
451 4081 513 4135 Mn
528 4084 602 4146 (mil
621 4081 687 4136 add.
708 4079 791 4151 quod)
810 4081 867 4137 Alo
921 4083 956 4137 24
974 4082 1101 4152 separati,
1121 4096 1189 4146 corr.
1209 4077 1409 4148 m.1suparati

258 4171 339 4241 (alet)
359 4170 393 4224 Μ
446 4171 481 4223 25
500 4171 599 4225 crimen
620 4172 640 4223 ri
659 4187 693 4225 cs
709 4171 777 4241 roa.)
798 4174 823 4223 :t
879 4172 913 4226 27
933 4186 988 4225 nna
1004 4186 1070 4225 noce
1089 4169 1150 4224 edd.
1224 4166 1342 4222 dixerint
1354 4165 1406 4220 Fa

258 4258 318 4314 edd,
372 4259 407 4313 28
427 4258 565 4328 baptizare
585 4262 611 4312 ,1
684 4258 794 4314 fuerant
812 4258 850 4312 M

206 4524 250 4675 l
359 4628 375 4670 .

1549 275 1632 367 ‘N
