3309 4867
103 745 124 809 l

531 399 795 479 epistularum
821 408 902 464 LXV.
928 407 1024 465 nm
1283 411 1348 480 235

721 601 833 670 LXVI.

251 742 356 810 Deum
388 742 517 828 quidem
548 743 660 809 timere
695 743 849 822 (lehaiath
870 727 939 808 'aed
967 745 1042 829 quia
1063 745 1095 810 in
1118 747 1349 831 rebaptizandis

205 841 477 934 Mappaliensibus
507 849 595 915 sicut
626 850 722 915 hemo
753 849 859 916 timeri
895 850 1039 930 noluisti,
1074 871 1130 936 cur
1155 871 1216 919 non
1244 854 1351 930 ualeat

206 953 307 1021 inuno
338 955 456 1059 regalis
474 954 724 1040 'inprouineia
757 958 937 1036 sitantum
966 958 1070 1023 ualuit
1095 957 1197 1024 iussio
1224 959 1350 1044 prouin-

174 1060 298 1127 ocialis
325 1061 367 1126 ‘in
402 1061 505 1149 *uillat’
542 1063 569 1127 si
605 1081 756 1146 personas
793 1081 968 1146 compares,
1001 1067 1038 1129 tu
1077 1076 1254 1147 possessor,
1295 1065 1353 1144 ills

207 1167 396 1250 imperatori
428 1168 458 1234 st
491 1169 565 1248 loca
599 1187 773 1254 compares,
810 1173 846 1235 tn
883 1170 915 1235 iu
952 1169 1061 1248 funda
1096 1171 1153 1238 ille
1180 1171 1213 1238 iu
1244 1191 1349 1258 regno:

209 1274 237 1338 si
265 1291 376 1340 mosas
404 1292 578 1358 compares,
612 1269 668 1340 ille
698 1277 737 1340 nt
768 1275 885 1341 diuisio
899 1341 903 1348 ,
916 1276 1115 1372 resarciatur,
1146 1280 1183 1343 tu
1215 1282 1253 1343 ut
1283 1280 1351 1344 uni·

100 1408 104 1412 ·
206 1382 259 1446 tas
295 1379 479 1448 diuidatlrn
499 1381 555 1447 aad
591 1400 648 1446 nos
685 1384 718 1447 te
750 1380 788 1446 de
824 1381 951 1447 homine
987 1400 1047 1449 nou
1078 1386 1247 1452 tenemus.
1279 1404 1351 1449 nam

207 1499 376 1569 possemus
409 1504 512 1571 agere,
540 1488 579 1552 ut
605 1485 714 1553 decern
741 1487 838 1567 libras
861 1488 930 1555 auri
953 1488 1128 1557 secundam
1149 1489 1353 1574 imperatoria

162 1612 190 1653 re
207 1590 299 1657 iussa
314 1577 528 1677 'paracletense
553 1612 591 1658 an
615 1595 696 1660 forte
718 1597 886 1678 propterea
907 1614 967 1660 non
990 1589 1099 1672 hahes
1122 1595 1206 1661 unde
1228 1595 1351 1673 reddas,

208 1697 293 1780 qnod
320 1697 393 1763 (iare
417 1698 502 1763 iussi
530 1702 606 1763 suat
625 1696 886 1783 rebaptizatores
908 1699 984 1766 dum
1008 1701 1146 1765 multum
1170 1718 1291 1789 erogas,
1315 1706 1352 1768 ut

209 1822 306 1883 emas,
335 1805 637 1892 quaerebaptiaes?
666 1805 723 1872 sed
750 1825 818 1884 nos,
846 1808 884 1871 ut
911 1805 984 1883 dixi,
1014 1806 1052 1872 ie
1077 1806 1268 1875 hominete
1290 1828 1354 1874 non

208 1913 378 1987 terremus;
412 1909 560 1977 Christus
591 1915 623 1976 to
655 1911 764 1994 potius
795 1915 924 1978 terreat.
962 1912 1015 1977 cui
1046 1913 1120 1978 uolo
1158 1913 1239 1981 sa‘re
1275 1915 1351 1999 qnid

207 2015 408 2099 respondeas,
432 2017 461 2082 ei
482 2018 542 2082 tibi
566 2016 667 2083 licat:
691 2016 856 2104 ‘Crispina
880 2037 989 2083 aarum
1011 2018 1074 2084 luit
1095 2006 1233 2103 pretium
1258 2023 1352 2087 tuum

163 2141 190 2183 ιι
208 2122 248 2187 ad
280 2122 447 2188 emendum
479 2123 626 2189 timorem
653 2122 920 2208 Mappaliensium
949 2127 982 2189 et
1008 2124 1083 2189 nilis
1110 2144 1196 2191 mors
1219 2144 1290 2191 mea
1312 2126 1353 2192 ad

208 2228 377 2293 emendum
400 2243 539 2296 amorem
563 2229 706 2294 omnium
724 2229 888 2318 gentium?
907 2233 982 2314 plus
1000 2231 1107 2296 ualuit
1120 2231 1352 2315 rebaptizandis

209 2327 330 2402 colonis
364 2334 440 2413 tuis,
474 2336 559 2419 quod
592 2340 793 2402 numeratum
827 2341 877 2402 est
914 2337 952 2401 de
990 2338 1116 2403 saeculo
1151 2340 1219 2417 tuo,
1257 2358 1351 2423 quam

205 2439 407 2526 baptisandis
431 2433 674 2526 populiensis,
699 2443 783 2526 quod
806 2426 949 2508 manauit
971 2441 1131 2509 delatore
1158 2447 1262 2510 meol’
1288 2447 1355 2512 scio

209 2551 243 2612 te
269 2547 362 2632 plura
389 2545 497 2614 audire
525 2567 630 2632 posse,
655 2549 683 2614 si
707 2548 832 2616 Christo
856 2568 964 2616 aurem
988 2551 1148 2635 praebeas,
1173 2554 1263 2617 etex
1286 2552 1357 2634 ipsa

162 2671 191 2713 so
208 2660 267 2720 tna
306 2654 508 2737 possessione
549 2654 721 2749 admoneri,
764 2675 858 2756 quam
881 2657 997 2740 vimpia
1043 2661 1151 2722 contra
1192 2657 1354 2738 Christum

317 2878 353 2932 M
368 2900 402 2928 =
422 2878 480 2933 cod.
500 2878 681 2935 Monacensis
701 2882 781 2934 6266
798 2896 819 2934 s.
840 2881 876 2934 X.

317 2965 347 3021 F
370 2990 404 3012 =
422 2968 482 3023 cod.
500 2967 721 3038 Salisicrpsnaia
738 2969 769 3023 X
786 2972 827 3023 29
843 2985 864 3022 s.
884 2968 1006 3024 Χ-ΧΙ,

317 3055 345 3109 Α
372 3079 406 3101 =
424 3054 483 3110 cod.
501 3055 810 3130 audomaropolitana
831 3060 877 3120 76.
896 3060 924 3120 8,
947 3060 965 3110 9
981 3074 1003 3112 s.
1015 3058 1145 3113 x-xI.
1160 3049 1163 3057 ⁴

318 3143 345 3196 P
370 3167 404 3189 ==
423 3142 482 3200 ccci.
501 3142 652 3199 Parisinus
668 3160 735 3199 non.
754 3161 812 3214 acq.
833 3148 910 3200 1444
927 3161 949 3200 a.
969 3145 1024 3201 XI.
1085 3211 1087 3214 ¹

317 3229 346 3284 R
369 3226 754 3304 =caahsaa13rsslssp
776 3236 793 3286 5
811 3233 842 3288 D
864 3232 909 3287 VI
923 3232 1128 3310 alil—XII„
1150 3239 1151 3244 ’

247 3403 349 3475 Incipit
372 3404 481 3465 libellus
506 3406 593 3460 smcti
620 3406 759 3476 augustini
785 3408 904 3477 episcopi
936 3407 1063 3461 catholici
1089 3407 1184 3463 contria
1210 3409 1355 3481 crispinum

212 3491 396 3549 shismaticnnr
413 3493 452 3548 M
471 3493 538 3548 item
559 3493 657 3565 incipit
677 3493 788 3549 libellus
811 3496 899 3549 sancti
922 3495 1061 3565 augustini
1084 3496 1204 3568 episcopi
1228 3497 1355 3554 catholici

190 3583 306 3640 ,conus
329 3582 523 3653 crispinianum
546 3582 748 3639 acffisroaiicnm
772 3585 811 3638 ita
835 3582 890 3643 ΓΑ
912 3583 986 3638 idem
1010 3584 1109 3653 incipit
1131 3584 1243 3641 libellus
1267 3588 1356 3643 sancii

213 3670 350 3740 ungamini
369 3671 490 3741 episcopi
507 3660 637 3728 catholici
655 3671 751 3730 conae
769 3673 931 3741 crispianum
952 3675 980 3736 (a
994 3671 1045 3727 dci.
1058 3676 1135 3738 onst)
1155 3673 1354 3731 schismaticum

212 3758 252 3812 ita
268 3757 297 3813 P
312 3760 378 3814 item
398 3755 654 3831 epistula‘eiesclem
674 3760 813 3830 augustini
833 3759 867 3813 ad
886 3759 1000 3814 eundern
1020 3762 1176 3832 (praecedit
1192 3781 1232 3834 sp.
1252 3765 1310 3838 LI)
1326 3766 1355 3821 R

246 3846 398 3916 Inscriptio
416 3848 490 3903 dccet
551 3847 720 3903 2debnistis
737 3847 804 3903 ΜΡ
862 3849 1247 3920 imappalensihusMFAR
1318 3855 1354 3908 ti-

213 3950 285 3989 mere
305 3934 330 3988 P
401 3936 610 3998 saturniacas.
629 3936 742 3992 noluisti
759 3937 787 3990 P.
839 3933 1188 4009 ipossesaor-comparee
1206 3943 1300 3994 tu'om
1327 3945 1354 3996 Δ

247 4023 287 4079 illi
306 4023 345 4078 Μ
395 4025 587 4094 (iimperatnr,
606 4029 674 4079 m.3
691 4026 839 4095 imperator
856 4023 887 4079 F
939 4014 998 4078 'isi
1016 4027 1099 4080 etiarn
1117 4044 1212 4082 causas
1230 4030 1257 4083 R
1324 4035 1353 4082 tn

215 4114 255 4181 at]
275 4115 313 4177 tu,
331 4116 446 4167 arsita
465 4117 498 4166 ut
515 4112 543 4166 P
604 4114 637 4169 10
656 4112 753 4167 reddes
771 4112 809 4167 Μ
871 4114 904 4166 12
923 4116 955 4166 at
973 4110 1027 4167 diri
1046 4113 1080 4168 <le
1098 4114 1208 4169 homine
1226 4133 1280 4170 non
1300 4123 1354 4171 ter·

213 4214 300 4253 seruus
319 4207 347 4252 te
365 4199 393 4254 R
411 4205 440 4255 te
458 4205 491 4256 ot
508 4200 562 4256 diri
582 4200 616 4255 de
634 4201 744 4256 homine
762 4217 817 4276 non
836 4206 967 4269 terremus
986 4200 1046 4257 cdd.
1120 4203 1154 4258 13
1172 4205 1263 4274 potius
1281 4207 1309 4257 te
1327 4204 1356 4260 R

216 4289 248 4340 14
266 4294 311 4343 car
331 4288 360 4344 F
415 4291 447 4344 19
466 4305 557 4344 aurern
578 4290 677 4345 christo
696 4289 724 4345 R
779 4290 814 4344 20
832 4288 1002 4360 possessione
1020 4289 1114 4347 tnsR
