3309 4867
292 400 355 476 110
654 406 683 463 S.
710 408 845 461 Aureli
874 408 1091 477 Augustini

289 620 386 685 parua
413 605 575 683 praeterea
603 595 705 666 turba'
726 600 886 667 confluxit.
915 601 971 666 sed
1001 601 1031 666 in
1060 606 1127 666 tota
1155 602 1212 667 illa
1233 602 1440 668 multitudine
1550 660 1555 667 .

287 707 438 792 perpauci
471 698 673 791 apparebant,
707 709 760 791 qui
794 707 919 773 utiliter
950 725 987 773 uc
1019 709 1190 774 sulubriter
1221 709 1273 794 agi
1310 728 1440 774 causam

287 814 376 878 illam
403 817 438 878 et
466 817 587 879 tantam
615 814 724 897 reique
752 817 859 878 tantae
888 813 1307 898 quaestionemptudeuter
1333 818 1366 880 et
1388 815 1440 897 pie

288 920 406 986 diecmi
439 910 600 1004 cuperent.
634 921 731 985 ceteri
764 940 840 985 uero
873 911 977 1006 magis
1016 919 1055 984 ad
1093 921 1312 1004 spectaculum
1349 921 1440 1003 qnasi

288 1026 505 1092 altercationis
537 1032 663 1091 nostrae
695 1046 792 1110 prope
824 1009 994 1092 theatrica
1012 1027 1241 1114 consuetudine
1273 1045 1368 1111 quarn
1401 1027 1441 1094 ad
1470 1054 1485 1094 s

286 1134 529 1199 instructionem
563 1132 677 1199 salutis
703 1133 882 1198 christiana
914 1133 1085 1198 deuotione
1113 1137 1335 1199 conuenerant.
1364 1153 1437 1218 qua·

286 1242 415 1323 propter
435 1258 494 1304 uec
517 1237 679 1304 silentium
703 1240 795 1305 nobie
819 1240 967 1324 praebere
991 1259 1048 1305 nec
1071 1240 1192 1305 intente
1215 1245 1311 1323 atque
1333 1240 1440 1305 nobis·

288 1364 361 1411 curn
387 1345 532 1411 modeste
560 1343 673 1411 saltem
699 1349 732 1411 et
755 1346 896 1411 ordinate
920 1345 1068 1428 conloqui
1091 1350 1265 1429 potueruut
1287 1345 1439 1427 exceptio,

287 1457 325 1518 nt
343 1452 416 1531 dixi,
436 1453 557 1535 paucis,
576 1453 712 1535 quorum
730 1451 882 1536 religiosa
900 1454 933 1516 et
952 1452 1086 1534 simplex
1106 1453 1276 1535 apparebat
1293 1451 1438 1517 intentio.

287 1558 395 1641 itaque
417 1558 517 1623 libere
540 1577 596 1641 pro
620 1558 672 1624 sui
696 1558 853 1640 cuiusque
872 1557 969 1622 animi
987 1561 1077 1622 motu
1097 1557 1439 1641 inmoderateloqueu·
1458 1584 1485 1623 io

287 1664 368 1729 tium
397 1665 533 1747 strepitu
562 1665 667 1731 omnia
695 1664 905 1729 turbabantur
931 1683 988 1729 nec
1018 1665 1164 1729 euincere
1194 1664 1262 1728 siue
1286 1671 1344 1728 nos
1369 1663 1439 1728 siue

287 1770 356 1854 ipse
383 1770 533 1856 rogando,
561 1771 720 1836 interdum
744 1771 840 1836 etiam
864 1769 1061 1853 obiurgando
1085 1770 1260 1853 potuimus,
1284 1776 1322 1834 ut
1344 1769 1436 1853 nobis

286 1875 468 1946 modestum
493 1877 655 1980 silqntium
680 1877 890 1962 praeberetur.

242 1989 263 2052 2
330 1983 395 2049 Res
422 1987 529 2049 tamen
558 1989 735 2066 utcumque
763 1983 815 2068 agi
843 1988 956 2067 coepte
983 1986 1033 2048 est
1061 1987 1092 2047 et
1125 1982 1248 2065 aliquot
1278 1982 1372 2048 boras
1404 1983 1436 2047 in

287 2090 408 2156 alterno
437 2108 581 2155 semuoue
610 2089 832 2173 protraximus,
856 2093 1011 2172 qnantum
1033 2090 1169 2154 uocibus
1191 2089 1438 2173 interquiesceu·
1459 2115 1482 2156 u

286 2196 374 2261 tibus
402 2197 489 2262 uarie
517 2197 784 2261 tumultuantium
813 2196 1006 2261 sinebamur.
1035 2196 1091 2261 sed
1119 2197 1150 2261 in
1175 2197 1244 2281 ipso
1269 2195 1438 2278 disputati-

288 2303 356 2368 onis
394 2301 520 2368 exordio
558 2321 630 2368 cum
662 2303 846 2368 uideremus
879 2322 927 2382 ea,
961 2321 1042 2388 quae
1074 2303 1269 2380 dicebantur,
1302 2299 1436 2366 subinde

286 2409 353 2478 labi
388 2408 427 2474 do
464 2409 616 2475 memoria
653 2410 706 2474 uel
743 2414 853 2475 nostra
887 2410 943 2475 nol
979 2427 1098 2485 eorum,
1131 2428 1267 2491 quorum
1299 2409 1437 2474 salutem

285 2514 422 2591 maxime
455 2514 656 2594 curabamus,
689 2519 723 2580 et
752 2518 790 2580 ut
817 2517 904 2581 esset
931 2515 1022 2580 nobis
1051 2516 1174 2580 cantior
1199 2514 1436 2596 modestiorque

287 2620 445 2699 tractatio,
475 2621 571 2686 simul
599 2625 632 2686 et
658 2641 718 2687 uos
742 2627 837 2705 atque
861 2621 916 2687 alii
938 2621 1061 2699 iratres,
1087 2621 1140 2704 qui
1165 2622 1313 2686 absentes
1336 2624 1434 2696 erant,
1453 2648 1481 2688 en

240 2723 246 2734 ’
287 2725 362 2811 quid
390 2727 557 2793 internos
586 2730 693 2793 actum
722 2733 818 2806 esset,
846 2726 981 2812 legendo
1015 2728 1263 2812 cognosceretis.
1294 2727 1436 2810 postula-

286 2835 405 2912 uimus,
433 2838 471 2899 ut
498 2853 526 2898 a.
544 2835 676 2900 notariis
705 2835 801 2899 uerba
828 2841 937 2899 nostra
966 2834 1193 2916 exciperentur.
1228 2834 1283 2899 diu
1312 2833 1350 2903 ab
1377 2833 1434 2898 illo

287 2941 338 3006 uel
375 2941 405 3005 ei
442 2941 713 3007 consentientibus
749 2943 942 3006 reluctatum
982 2944 1045 3016 este
1082 2944 1204 3023 postca.
1229 2945 1334 3005 tamen
1366 2940 1435 3022 ipse

285 3047 455 3112 concessit.
493 3047 549 3112 sed
580 3048 707 3124 notarii,
740 3048 794 3131 qni
826 3047 957 3112 aderaut
989 3052 1084 3129 atque
1116 3047 1149 3111 id
1176 3051 1305 3114 strenue
1332 3040 1436 3111 facere

286 3156 442 3237 poteraut,
466 3153 572 3219 nescio
597 3172 659 3237 qua
683 3169 780 3228 causa
801 3154 944 3238 excipere
963 3155 1142 3219 noluerunt.
1166 3155 1289 3238 egimus
1309 3152 1479 3228 saltemne

287 3265 323 3324 ut
349 3260 474 3338 iratres,
502 3261 557 3343 qui
584 3259 752 3326 nobiscum
780 3264 878 3339 eraut,
904 3261 1150 3343 quamquam'in
1174 3261 1233 3324 hac
1255 3279 1289 3324 re
1311 3258 1433 3323 tardius

313 3507 337 3557 .1
357 3501 478 3557 conflixit
494 3502 522 3555 A
607 3500 655 3557 sed
673 3501 752 3557 nobis
772 3505 835 3556 inm
926 3503 942 3557 8
963 3502 1002 3555 rei
1020 3518 1089 3571 qnae
1108 3506 1186 3556 tante
1204 3502 1241 3555 Μ
1258 3507 1338 3571 (qnae
1356 3505 1434 3555 terite

285 3592 337 3648 del.
356 3607 391 3646 m.
402 3594 432 3659 2)
448 3589 478 3645 F
515 3592 532 3645 5
550 3607 634 3661 prope
652 3591 797 3661 theatrice]
814 3590 954 3661 prophete!
971 3591 1065 3657 attica,
1084 3595 1151 3644 my
1168 3607 1215 3659 pro
1230 3590 1284 3660 thel
1302 3590 1387 3643 atrise
1398 3589 1434 3642 Μ

285 3680 434 3751 prophetae
453 3680 539 3734 etrim
556 3680 588 3734 E
654 3679 848 3735 consuetudine
866 3695 928 3734 euos
946 3696 1002 3733 rus.
1020 3696 1103 3748 super
1116 3686 1204 3749 postr.
1224 3680 1241 3732 l.
1260 3679 1298 3732 M
1350 3679 1365 3732 7
1383 3694 1433 3733 no·

285 3770 390 3823 biecum
410 3772 492 3838 atque
510 3768 570 3823 edd.
586 3776 700 3838 praeter
718 3786 737 3823 a
827 3771 859 3824 ll
881 3769 972 3823 curnis
991 3768 1107 3838 strepitu
1125 3768 1186 3822 cdd.
1257 3768 1433 3822 taliabant-nr.

284 3862 350 3912 sust
367 3856 548 3911 turbabantur
565 3857 593 3913 R
611 3858 756 3912 turbantur
773 3856 864 3911 Mffl
924 3874 973 3911 uos
992 3855 1019 3909 R
1076 3858 1109 3910 14
1128 3855 1237 3925 aliquod
1254 3854 1322 3909 aff
1372 3870 1432 3909 oras

284 3948 321 4002 Μ
338 3949 414 4012 (m22
432 3945 524 4012 horas)
543 3945 571 4000 P
660 3948 694 4001 15
712 3948 845 4001 alternouu
865 3951 932 4012 (ras.
953 3948 1024 3999 1-2
1043 3946 1072 4010 1.)
1092 3944 1122 3998 F
1137 3945 1255 3998 alternos
1274 3946 1301 3997 A
1376 3960 1432 3997 scr·

286 4043 364 4091 mone
383 4037 410 4088 Α
482 4036 629 4104 ptraximus
648 4035 676 4089 R
741 4037 773 4090 19
793 4034 943 4089 modestior
961 4049 1030 4103 qnae
1049 4032 1086 4087 M
1146 4034 1181 4088 20
1200 4033 1239 4101 et]
1261 4037 1291 4085 ut
1308 4032 1339 4086 F
1354 4037 1387 4085 ut
1405 4035 1450 4085 er

278 4125 376 4193 slrm
468 4123 803 4193 aliis(scap.m.2)M
872 4121 1010 4191 21ch
1086 4124 1434 4178 canestrumanostrs

285 4230 353 4267 corr.
372 4210 431 4264 uid.
447 4210 474 4265 R
510 4210 545 4266 23
564 4210 821 4267 consistentibusF
855 4212 888 4266 21
903 4211 1081 4270 notari,m.2
1099 4208 1248 4265 notariiM
1282 4211 1316 4263 25
1331 4207 1432 4276 excipe,

284 4317 353 4355 corr.
374 4305 433 4353 ur.1
452 4302 573 4370 excipere
592 4302 629 4355 M
