3309 4867
285 289 350 354 328
640 286 667 341 S.
695 285 833 341 Aureli
858 285 1079 371 dugustini

285 496 355 555 nus,
376 498 400 562 a
421 496 485 561 quo
513 496 573 546 uos
602 478 721 545 nefario
749 478 856 544 lurore
878 478 1103 564 praecidistis?
1127 477 1260 563 etquid
1283 499 1439 567 uospro·

284 585 468 662 meruerunt
503 584 767 664 Maximianistae,
805 604 886 669 quos
923 605 942 651 a
977 586 1072 652 uobis
1108 584 1277 674 damnans
1311 590 1344 654 et
1381 608 1440 672 por

284 691 404 759 indicia
425 691 617 784 publica'de
639 691 780 764 basilicis
803 679 1009 774 proturbatos
1031 694 1064 759 in
1092 685 1160 760 suo'
1179 711 1290 760 rursus
1318 694 1438 762 bonore

284 798 473 883 recepistis?
506 795 585 882 quid
614 817 673 865 uos
705 798 838 864 offendit
868 818 935 884 pax*
956 798 1086 876 Christi,
1115 802 1226 874 contm
1252 818 1347 883 quam
1375 820 1437 868 uos

286 906 431 972 diuiditis
459 905 498 970 ab
527 904 585 984 eis,
615 923 695 989 quos
722 905 908 974 infamatis?
936 909 969 971 et
997 905 1074 989 quid
1096 924 1156 973 uos
1178 907 1353 991 promeruit
1374 928 1437 992 pax
1471 923 1487 964 ι

286 1013 415 1091 Donati,
442 1032 498 1096 pro
522 1030 586 1095 qua
608 1010 784 1095 suscipitis,
808 1031 889 1096 quos
913 1013 1093 1078 damnatis?
1117 1012 1299 1086 Feliciones
1321 1014 1438 1081 binati-

285 1123 380 1185 mnus
404 1117 498 1185 modo
521 1118 689 1183 uobiscum
713 1121 773 1184 est.
801 1119 940 1204 legimus
964 1139 1036 1184 oum
1060 1109 1149 1203 prius
1173 1120 1204 1186 in
1228 1124 1336 1188 cestre
1365 1139 1438 1187 con·

286 1226 359 1292 cilio
394 1224 578 1303 damnatum
616 1225 648 1288 et
678 1243 711 1288 a¹
727 1224 822 1290 uobis
859 1228 973 1308 postea
1008 1225 1041 1291 iu
1078 1225 1195 1292 iudicio
1237 1226 1438 1312 proconsulis

286 1336 470 1399 accusatum
512 1336 545 1396 et
584 1329 617 1396 in
656 1330 833 1396 Mastitana
869 1332 1005 1418 ciuitate
1047 1332 1148 1417 gestis
1189 1332 1438 1418 municipalibus

287 1427 515 1525 oppugnatum.
1459 1467 1486 1506 ro

243 1544 262 1606 4
331 1546 366 1612 Si
388 1544 518 1610 traditio
543 1543 690 1610 codicum
713 1545 870 1610 scelerata
892 1548 953 1623 est,
977 1546 1053 1629 quia
1076 1545 1154 1612 deu‘s
1178 1547 1212 1612 iu
1234 1566 1354 1633 regem,
1382 1546 1437 1630 qui

286 1651 465 1720 Hieremiae
496 1650 614 1716 librum
646 1645 797 1729 incendit,
832 1656 934 1718 morte
961 1649 1078 1736 bellica
1103 1652 1291 1732 uindicauit,
1320 1657 1437 1738 quanto

287 1758 473 1826 sceleratius
498 1760 549 1839 est
572 1757 775 1844 sacrilegium
799 1758 995 1837 schismatis,
1018 1759 1112 1825 cuius
1135 1763 1292 1839 auctores,
1321 1761 1437 1846 quibus

286 1865 536 1933 Maximianistas
561 1865 779 1949 comparastis,
802 1868 912 1950 aperta
933 1869 1018 1931 terra
1040 1866 1135 1933 uiuos
1159 1866 1352 1934 absorbuitl.
1374 1850 1437 1952 ouo

217 2021 223 2033 ,
287 1972 380 2039 modo
400 1989 474 2056 orgo
491 1970 608 2037 crimen
633 1969 813 2037 traditionis
833 1972 925 2039 nobis
944 1972 1084 2052 obicitis,
1103 1973 1188 2056 quod
1207 1993 1267 2044 uon
1284 1973 1438 2062 probatis,
1459 1996 1488 2037 rs
1537 1961 1543 1970 ’

288 2083 321 2145 et
347 2078 570 2145 schismaticos
598 2080 723 2143 uestros
748 2082 781 2143 et
803 2079 961 2144 damnatis
986 2083 1020 2162 et
1037 2079 1239 2164 iacceptatis?
1262 2079 1291 2145 si
1312 2081 1439 2164 propte
1477 2167 1480 2171 ,

288 2205 341 2251 rea
375 2185 452 2250 iusti
491 2185 580 2263 estis,
620 2184 694 2269 quia
729 2185 983 2268 persecutionem
1020 2205 1078 2271 per
1112 2186 1325 2270 imperatores,
1352 2186 1439 2271 paesi

288 2293 378 2370 estis,
401 2291 551 2356 iustiores
575 2291 668 2357 uobis
691 2296 768 2357 sunt
789 2291 853 2377 ipsi
875 2292 1141 2373 Maximianistae,
1168 2303 1260 2376 quos·
1277 2312 1335 2375 per
1360 2276 1459 2358 iudi!

288 2419 341 2465 ces
378 2398 417 2462 ab
455 2390 700 2480 imperatoribus
737 2398 906 2464 catholicis
942 2398 1061 2464 missos
1094 2415 1153 2464 uos
1185 2398 1249 2484 ipsi
1280 2375 1440 2486 &receuti

289 2506 378 2572 estis.
411 2504 440 2571 si
472 2505 669 2588 baptismum
699 2523 759 2570 uos
793 2506 855 2571 soli
887 2505 1025 2584 habetis,
1059 2504 1135 2589 quid
1163 2498 1248 2589 apud
1275 2495 1335 2572 uo‘s
1362 2505 1441 2571 iacit
1460 2533 1490 2572 aa

288 2612 467 2697 baptismus
491 2610 795 2677 Maximianistarnm
818 2611 853 2677 in
875 2612 933 2693 eis,
958 2632 1037 2696 quos
1060 2610 1237 2695 baptiaauit
1259 2611 1440 2678 reficimus

290 2720 467 2806 damnatus,
505 2735 579 2782 oum
617 2716 732 2800 quibus
770 2722 821 2783 est
857 2718 897 2783 ad
929 2737 988 2804 uos
1021 2720 1134 2803 postea
1165 2720 1355 2809 reuocatus?
1386 2718 1441 2783 uel

288 2824 382 2889 nobis
410 2823 501 2889 laicis
531 2822 569 2888 sd
596 2822 660 2888 ista
685 2823 898 2907 respondeant
924 2825 1066 2908 episcopi
1089 2824 1199 2900 uestri,
1222 2823 1251 2889 si
1273 2821 1442 2914 nobiscum

289 2930 376 3014 loqui
411 2930 534 3007 nolunt,
568 2933 601 2994 et
633 2930 771 3014 cogitate
803 2949 861 3015 pro
894 2931 999 2996 sainte
1031 2934 1149 3010 uestra,
1182 2930 1276 3014 quale
1309 2928 1441 2996 sithoc

289 3037 405 3119 ipsum,
429 3036 515 3120 quod
538 3036 706 3102 nobiscum
732 3036 822 3121 loqui
851 3037 972 3104 nolunt.
1007 3037 1035 3103 si
1062 3037 1131 3119 lupi
1160 3035 1332 3103 concilium
1360 3035 1441 3101 iece-
1460 3064 1491 3108 ss

288 3149 372 3220 runt,
406 3147 442 3209 ut
473 3144 654 3227 pastoribus
686 3162 748 3209 non
781 3143 1003 3228 respondeant,
1037 3163 1133 3226 quare
1166 3161 1242 3209 oues
1270 3140 1440 3207 consilium

287 3250 501 3334 perdiderunt,
526 3254 564 3315 ut
586 3250 625 3315 ad
649 3251 797 3334 lnporum
821 3253 990 3336 speluncas
1018 3251 1190 3316 accedant?

380 3461 409 3514 ll
432 3459 506 3513 Hier.
526 3458 571 3520 36,
589 3457 697 3513 ‘eo-30
752 3459 785 3513 13
804 3458 886 3516 Num.
907 3458 950 3524 16,
969 3457 1076 3541 sle-33

269 3609 272 3615 ¹
327 3587 516 3654 lpromerunt
536 3584 562 3635 A
652 3581 833 3651 spturbatos
851 3573 911 3638 12'
969 3580 1155 3651 drocipistis,
1173 3577 1399 3649 marcomirus
1417 3579 1445 3634 P

326 3672 450 3726 diuiditis
469 3671 564 3735 cosli
610 3674 702 3735 buce,
720 3674 787 3725 Μ
805 3670 967 3725 euobisM
1016 3670 1079 3740 pan]
1095 3672 1127 3723 ut
1140 3685 1191 3735 pax
1206 3671 1247 3734 (ut
1261 3667 1313 3723 del.
1327 3685 1363 3723 es.
1373 3667 1446 3737 2)P

289 3780 351 3832 pars
369 3761 431 3815 MA
477 3759 680 3830 ddampnastis
699 3759 727 3815 R
774 3759 995 3829 lieginruaom.
1014 3756 1050 3810 Μ
1094 3755 1272 3812 demedi
1315 3754 1443 3826 llquia]

290 3866 370 3921 quem
390 3849 450 3902 edd.
514 3846 850 3916 labellica1pub1na1³
866 3846 927 3900 edd.
941 3850 1090 3915 prosterno
1153 3843 1186 3899 13
1204 3845 1362 3908 sceleratus,
1379 3847 1447 3898 Μ

289 3938 447 3993 sceleratius
466 3936 502 3990 M
583 3937 617 3989 14
635 3935 819 3998 marianistas,
838 3938 904 3989 m.3
922 3932 1136 3988 maximianistas
1154 3931 1186 3987 F
1200 3932 1399 3986 niaxiministas
1418 3931 1448 3985 P

291 4027 325 4081 16
344 4026 367 4078 si
386 4026 468 4080 etiam
487 4028 632 4095 propterea
646 4022 674 4078 R
712 4022 745 4077 18
764 4028 828 4077 suut
845 4022 964 4077 uobisR
999 4022 1035 4076 20
1048 4020 1201 4092 baptismus
1214 4017 1324 4074 iacitR
1359 4019 1446 4074 aaut

290 4114 356 4168 baec
374 4112 402 4168 R
447 4112 481 4167 26
501 4111 644 4166 corrodium
662 4110 722 4165 cdo.
770 4113 804 4165 27
825 4128 856 4164 ex
875 4111 935 4165 licit
953 4109 989 4163 ad
1007 4109 1160 4163 donatistas
1178 4107 1276 4178 quibus
1291 4105 1446 4162 catholicae

290 4208 316 4262 (e
335 4207 406 4271 emp.)
425 4201 540 4255 ecclesia
559 4200 627 4254 dicit
645 4199 675 4254 F
691 4199 802 4269 explicit
821 4217 837 4253 a
876 4198 1029 4253 donatistas
1048 4196 1183 4252 catholica
1201 4195 1315 4250 ecclesie
1333 4193 1401 4250 dicit
1418 4197 1449 4250 P
1510 4237 1517 4256 ,
