3309 4867
248 320 291 384 88
599 312 626 371 S.
654 314 795 369 Aureli
821 314 1044 385 Augustini

247 515 321 593 post
342 509 427 593 apud
448 509 614 575 Arelatem
637 511 848 575 memoratum
869 509 1092 594 imperatorem
1116 509 1247 575 eandem
1267 528 1397 578 causam

248 616 433 702 diligentins
462 615 698 681 examinandam
726 616 1020 699 terminandamque
1048 634 1187 695 curasse,
1214 615 1289 683 illos
1319 634 1396 682 nero

248 724 286 789 ab
315 722 535 788 ecclesiastico
563 720 681 788 indicio
709 740 913 805 prouocasse,
942 725 980 788 nt
1000 741 1135 788 ,cansam
1168 722 1396 790 Constantinus

247 830 380 897 audiret.
405 849 468 914 qno
487 833 600 911 postea
618 847 713 912 quam
731 832 865 894 uentum
885 831 945 906 est,
964 831 1099 913 utaque
1116 832 1206 913 parte
1224 828 1396 896 adsistente

247 937 447 1003 innocentem
470 934 685 1001 Caecilianum
705 935 805 1001 fuisse
822 935 1000 1000 indicatum
1019 938 1115 1019 atque
1132 935 1207 1000 illos
1224 934 1397 1001 recessisse
1428 957 1442 998 s

249 1047 414 1126 superatos
443 1047 476 1107 et
502 1042 535 1106 in
563 1042 672 1107 eadem
700 1044 808 1108 tamen
834 1042 1046 1127 peruersitate
1072 1042 1239 1108 mansisse.
1272 1059 1330 1107 noc
1358 1041 1397 1106 ds

233 1133 364 1214 vFelicis
395 1147 608 1232 aptungitani
639 1167 736 1215 causa
765 1148 1001 1234 neglegentiam
1029 1152 1246 1226 consecutam,
1274 1147 1398 1215 esdad

248 1256 390 1321 eiusdem
431 1254 585 1339 principis
625 1254 800 1321 iussionem
840 1252 1121 1338 proconsularibus
1161 1255 1264 1339 gestis
1300 1255 1398 1322 etiam

247 1364 353 1445 ipsum
375 1362 476 1428 luisse
497 1365 681 1446 purgatum.

203 1479 223 1538 5
293 1468 355 1534 Sed
384 1469 460 1552 quia
487 1468 565 1533 baec
593 1468 698 1535 omnia
723 1468 911 1536 dicebamus
938 1473 1075 1545 tantum,
1102 1488 1164 1534 non
1192 1468 1290 1534 etiam
1312 1468 1397 1554 lege·
1416 1490 1442 1531 ιο

247 1577 371 1651 bamus,
404 1575 509 1639 minus
542 1574 684 1659 proiecto
720 1574 815 1639 uobis
854 1593 947 1659 agere
981 1573 1181 1651 uidebamur,
1220 1593 1317 1657 quam
1358 1574 1397 1641 de

247 1687 356 1748 nostra
378 1680 595 1772 expectabatis
614 1679 778 1750 instantia
802 1680 886 1764 quod
911 1680 967 1746 nbi
991 1681 1162 1766 sensimus,
1186 1680 1226 1748 ad
1250 1701 1297 1760 sa,
1316 1700 1398 1765 qnae

246 1789 382 1874 legenda
408 1785 668 1872 promiseramus,
697 1805 757 1852 non
785 1786 973 1866 distulimus
1000 1786 1139 1853 mittere.
1173 1806 1254 1872 qnae
1281 1789 1397 1867 omnia,

246 1896 324 1974 dnm
351 1894 547 1960 excnnimus
575 1892 615 1958 ad
642 1892 812 1959 ecclesiam
841 1892 1053 1959 Geliuitanam
1079 1893 1152 1960 inde
1181 1895 1221 1958 ad
1252 1897 1396 1960 uestrum

246 1999 399 2084 oppidum
429 1997 601 2075 reuersuri,
632 1998 723 2063 bidui
754 2018 817 2065 non
848 1999 935 2081 pleni
972 1999 1206 2066 intermissione
1242 2001 1443 2066 uenerantes

246 2111 351 2188 etque,
380 2109 418 2170 nt
444 2104 558 2181 nostis,
586 2108 739 2186 quantum
769 2107 898 2188 tempus
926 2104 1067 2182 admisit,
1095 2125 1158 2171 unc
1187 2105 1399 2172 meracitate

247 2216 324 2277 sunt
349 2211 456 2277 uobis:
486 2212 589 2295 primo
617 2210 672 2275 ubi
701 2210 869 2277 Secundus
889 2212 1091 2298 tigisitanus
1115 2213 1279 2280 confessos
1301 2212 1398 2278 badi·

245 2325 332 2384 tores
361 2338 379 2383 a
406 2316 542 2402 collegio
571 2335 630 2383 suo
658 2335 821 2383 remouere
854 2338 914 2384 non
948 2337 1047 2386 ansus
1079 2321 1140 2397 est,
1173 2338 1246 2385 cum
1279 2318 1396 2404 quibus

245 2430 358 2510 postea
381 2443 441 2490 non
466 2423 647 2490 confessum
671 2428 704 2490 st
726 2424 892 2489 absentem
917 2423 1133 2491 Cascibannm
1156 2425 1301 2508 aliosque
1320 2442 1397 2494 suos

247 2533 387 2615 collegas
415 2529 563 2595 damnare
591 2549 689 2596 ausus
718 2534 778 2608 ast,
807 2530 919 2596 deinde
947 2533 1042 2616 gesta
1067 2531 1314 2614 proconsularia,
1340 2531 1398 2598 ubi
1415 2555 1446 2597 so

246 2639 334 2703 Felix
357 2637 605 2723 diligentissimo
629 2637 771 2703 examine
793 2639 947 2722 probatus
970 2642 1022 2704 est
1042 2638 1203 2704 innocens.
1228 2638 1306 2705 baec
1324 2643 1397 2704 ante

245 2745 410 2829 meridiem
437 2743 531 2811 nobis
559 2746 643 2810 lecta
674 2763 746 2811 esse
778 2745 985 2821 meministis;
1018 2750 1093 2829 post
1123 2744 1291 2811 meridiem
1321 2758 1397 2811 uero

245 2851 451 2917 recitauimus
482 2869 594 2935 preces
626 2870 735 2917 sorum
769 2852 810 2917 ad
843 2851 1091 2918 Constantinum
1118 2852 1265 2935 datisque
1293 2852 1332 2918 ab
1360 2870 1397 2917 eo

245 2958 404 3024 iudicibus
432 2963 525 3041 gesta
552 2956 773 3026 ecclesiastica
798 2959 831 3023 in
859 2958 1002 3025 Romana
1028 2959 1106 3048 urbe
1134 2958 1253 3035 habita,
1281 2957 1397 3041 quibus

246 3066 293 3129 illi
323 3065 482 3147 inprobati
516 3069 601 3144 sunt,
635 3063 835 3132 dascilianns
867 3070 975 3158 antem
1009 3066 1041 3130 in
1075 3064 1248 3149 episcopali
1281 3063 1399 3130 bonore
1417 3085 1444 3127 se

246 3173 399 3249 firmatus,
436 3176 599 3256 postremo
638 3170 838 3238 Constantini
875 3172 1077 3256 imperatoris
1112 3168 1248 3247 littam,
1281 3169 1398 3253 quibus

246 3279 352 3343 omnia
373 3277 476 3343 multe
500 3278 636 3343 manime
659 3278 872 3343 testatissima
896 3279 1086 3343 claruerunt.

154 3391 233 3455 1116
291 3384 375 3464 Quid
402 3384 504 3449 uultis
532 3385 684 3468 amplius,
712 3384 881 3451 homines?
910 3384 988 3467 quid
1009 3383 1116 3466 ⁴uultis
1144 3382 1304 3465 amplius?
1332 3393 1398 3445 non

246 3492 284 3555 de
309 3511 384 3556 arno
409 3496 442 3555 et
465 3493 597 3576 argento
620 3494 727 3557 nestro
752 3492 872 3576 agitur,
896 3510 958 3556 non
982 3495 1075 3566 terra,
1099 3508 1160 3555 non
1179 3487 1317 3572 praedia,
1337 3506 1399 3552 non

284 3683 294 3734 l
323 3680 455 3735 arelatum
481 3679 554 3752 apud
577 3682 688 3750 pannis
713 3697 782 3736 corr.
807 3681 847 3736 M
952 3680 1142 3750 imperatorem
1166 3681 1346 3733 memoratum
1364 3677 1401 3732 M

245 3771 261 3823 ‘2
282 3768 541 3840 examinandumque
560 3772 623 3836 (ons.
642 3769 856 3835 terminandam)
870 3770 898 3826 A
972 3783 1080 3823 annesae
1093 3766 1124 3822 F
1175 3768 1192 3822 3
1211 3766 1399 3826 constantinus

201 3863 202 3866 ’
245 3875 353 3912 caussam
372 3858 401 3915 R
491 3860 618 3914 ttamen
637 3874 689 3913 ons.
708 3860 735 3913 A
822 3858 938 3913 'lillicis
956 3856 988 3912 F
1057 3855 1241 3910 autumnitani
1259 3855 1336 3910 codol.
1357 3870 1401 3908 ue

247 3949 279 4000 l‘2
299 3947 518 4016 qnod-mittere
537 3946 632 4004 omli
683 3948 718 4002 14
736 3946 812 4017 dum]
831 3945 901 4006 duco
915 3945 1007 4002 MFA
1062 3945 1095 3999 15
1114 3942 1225 4014 opidum
1244 3941 1273 4013 (d
1291 3943 1324 3996 ἐκ
1341 3958 1400 3996 rus.

246 4055 278 4088 m.
292 4043 314 4100 1)
336 4035 371 4089 M
462 4035 676 4096 intermissione,
695 4050 764 4090 corr.
784 4040 846 4091 oni
865 4033 1061 4090 intennissioni
1079 4031 1118 4086 M
1132 4030 1329 4085 intermissioni
1343 4027 1400 4084 Fa

248 4126 279 4178 16
299 4122 399 4189 amisit,
413 4142 448 4180 m.
459 4128 483 4177 2⁴
496 4124 610 4184 admisit
626 4124 655 4178 Ρ
709 4124 742 4180 18
761 4125 790 4193 a]
809 4140 842 4179 ac
859 4124 888 4177 A
941 4123 977 4178 db
997 4120 1164 4194 episcopalia
1181 4117 1213 4173 F
1259 4119 1293 4173 27
1312 4117 1401 4172 multo

247 4213 528 4273 om..m.1udd.M
598 4214 803 4268 tentissimaM
