3309 4867
602 388 869 459 epistularum
899 388 958 444 cll.
1290 396 1353 459 555

207 584 313 646 antem
348 580 472 663 qnando
504 580 569 660 fiat,
603 581 688 664 quod
720 581 761 647 ad
792 599 889 647 uuam
922 582 1116 665 'eandemque
1148 583 1290 651 fidelium
1324 590 1356 652 et

206 687 331 770 piorum
352 687 573 754 liberationem
592 690 759 771 pertineat,
783 689 954 755 consilium
973 689 1032 755 deo
1051 691 1240 770 tribuamus,
1263 693 1356 761 nobis

208 793 439 860 oboedientiam
458 798 632 861 teneamus.
656 795 787 879 proinde
810 795 882 861 aliis
901 801 979 861 tune
1003 797 1180 864 nominibus
1200 801 1233 864 et
1255 797 1356 885 signia

119 908 122 913 ‘
207 899 279 964 aliia
311 903 416 965 autem
449 919 533 965 nunc
565 906 597 965 et
632 901 723 985 prius
756 901 915 968 occultius
948 904 1061 985 postea
1091 903 1291 970 manifestius
1322 906 1356 972 et

173 1007 294 1089 aprius
314 1026 333 1071 a
350 1005 553 1091 paucioribus
575 1012 650 1092 post
667 1027 686 1073 a
703 1009 849 1092 plumbus
872 1028 936 1074 una
957 1012 1063 1074 tamen
1084 1010 1257 1093 eademqne
1280 1030 1356 1078 aera

206 1113 318 1198 religio
342 1113 539 1198 significatur
561 1117 594 1181 et
617 1115 813 1181 obscuratur.
1029 1102 1033 1110 ’

110 1226 162 1291 13
251 1221 318 1286 Nee
347 1240 405 1286 nos
432 1220 479 1287 eis
507 1220 674 1299 obicimus,
708 1221 793 1304 quod
820 1218 912 1287 aliter
938 1221 1046 1287 Numa
1071 1221 1251 1307 Pompilius
1278 1223 1354 1289 deos

208 1326 357 1394 colendos
388 1326 540 1392 Romamn
576 1312 729 1404 instituit,
766 1330 861 1411 atque
893 1327 933 1393 ab
970 1326 1017 1393 eis
1053 1328 1105 1393 nel
1137 1326 1228 1393 Italis
1264 1333 1357 1396 antea
1437 1366 1438 1369 =

207 1433 401 1514 colebantur,
428 1451 487 1499 uec
510 1434 594 1517 quod
616 1434 827 1519 Pythagoreis
849 1433 1047 1517 temporibus
1070 1433 1127 1498 illa
1153 1414 1357 1518 philosophia

163 1539 365 1606 incelebrata
387 1545 447 1618 est,
477 1559 556 1624 qnae
579 1545 673 1606 antea
699 1540 752 1606 uel
775 1540 901 1607 omnino
926 1558 987 1605 non
1011 1543 1079 1605 erat
1099 1539 1154 1604 uel
1175 1541 1208 1605 in
1231 1541 1356 1624 paucis·

208 1647 297 1713 simis
324 1647 434 1712 eadem
467 1647 679 1713 sentientibus
706 1666 768 1714 non
797 1651 903 1714 tamen
931 1645 1043 1712 eodem
1074 1645 1139 1712 ritu
1170 1646 1356 1714 uiuentibus

208 1754 344 1819 fumasse
372 1752 529 1828 latitabat,
559 1754 615 1818 sed
642 1756 752 1819 atrum
778 1753 827 1819 illi
852 1753 896 1818 dii
918 1751 987 1818 ueri
1010 1754 1067 1818 aut
1088 1752 1213 1818 colendi
1235 1752 1301 1819 sint
1324 1757 1356 1819 at

207 1861 316 1924 utrum
347 1857 403 1923 illa
434 1858 636 1943 philosophia
668 1859 766 1925 saluti
793 1859 969 1925 animarum
996 1857 1117 1942 aliquid
1147 1858 1262 1943 prosit;
1295 1858 1355 1925 boc

209 1985 280 2032 cum
300 1965 347 2031 eia
365 1965 501 2050 agimus,
525 1966 586 2032 boo
608 1966 640 2032 in
653 1966 879 2050 quaestionem
898 1982 1063 2042 uouemus,
1085 1964 1146 2031 hoc
1166 1964 1355 2049 disputando

163 2090 189 2129 a
208 2072 431 2137 conuellimus.
456 2071 603 2138 desinant
624 2071 724 2157 igitur
747 2072 872 2139 obicere
895 2070 1001 2149 nobis,
1025 2071 1109 2154 quod
1136 2070 1222 2137 omni
1250 2074 1355 2137 aeetae

208 2182 241 2243 et
262 2177 348 2242 omni
371 2178 491 2243 nomini
508 2178 672 2264 religionis
691 2177 774 2245 obici
792 2182 910 2263 potest
934 2197 1007 2243 oum
1032 2177 1115 2242 enim
1140 2196 1201 2243 non
1224 2176 1355 2244 samnito

207 2283 272 2349 labi
300 2283 357 2349 sed
384 2283 495 2359 diuina
520 2283 722 2368 prouidentia
747 2287 891 2368 tempora
918 2282 1055 2350 ordinari
1082 2283 1251 2361 fateantur,
1279 2283 1355 2365 quid

209 2389 323 2474 cuique
345 2390 482 2474 tempori
504 2395 614 2474 aptam
638 2391 671 2455 et
689 2395 901 2473 opportunum
921 2389 975 2465 sit,
993 2388 1168 2453 humanum
1187 2387 1355 2455 consilium

207 2495 473 2580 praetergreditur
509 2499 542 2560 et
576 2495 666 2561 illine
703 2495 899 2580 dispertitur,
932 2494 1015 2561 unde
1051 2494 1122 2578 ipsa
1156 2493 1368 2578 prouidentia,

163 2622 189 2662 ao
209 2601 303 2669 rebus
327 2602 476 2667 consulit

117 2720 162 2782 14
254 2707 288 2775 Si
316 2708 400 2773 enim
427 2707 561 2773 dixerint
590 2709 757 2791 propterea
783 2726 845 2772 non
873 2725 999 2791 semper
1023 2725 1081 2772 nac
1107 2705 1227 2789 ubique
1253 2704 1354 2771 tuisse

208 2815 453 2899 Pythagoricum
480 2813 691 2897 disciplinam,
719 2813 795 2897 quia
816 2814 1014 2899 Pythagoras
1042 2812 1136 2880 homo
1165 2812 1227 2878 fnit
1253 2831 1354 2896 neque

208 2920 268 2989 boo
294 2920 326 2987 in
354 2924 513 3007 potestate
539 2920 666 2992 habere.
682 2921 798 3004 potnit,
826 2919 982 3004 numquid
1011 2919 1106 2985 etiam
1133 2917 1194 2984 boo
1220 2920 1356 3003 possunt

91 3022 94 3027 ’
209 3028 313 3095 dicere
340 3047 377 3094 eo
404 3027 475 3113 ipso
502 3032 655 3111 ternpore,
685 3007 808 3109 quaudo
837 3026 910 3104 init,
939 3030 972 3091 et
997 3023 1152 3091 terrarum
1178 3023 1271 3103 locis,
1298 3023 1354 3089 ubi

246 3216 333 3273 linit
351 3218 377 3270 A
449 3226 504 3270 unu
523 3214 679 3286 eademque,
698 3213 1072 3284 menandrianorum
1161 3212 1303 3284 2piornm
1320 3230 1355 3269 ea

209 3321 277 3362 corr.
296 3310 357 3361 nni
373 3304 409 3359 H
481 3304 644 3359 tribuamus
664 3304 685 3369 (l
703 3309 786 3371 eros.)
805 3303 844 3358 Μ
912 3303 1073 3359 S'omnibns
1091 3300 1125 3356 H
1193 3302 1354 3372 Aposte‘A

208 3396 306 3466 bpoat
324 3394 351 3462 a]
371 3396 467 3465 postea
485 3393 508 3448 G
524 3393 693 3464 posteaaE
708 3391 769 3447 cdd.
842 3391 938 3462 religio
958 3406 1022 3445 uera
1038 3389 1088 3444 ΟΡ
1103 3389 1164 3445 edd.
1216 3391 1309 3444 leina
1323 3390 1356 3444 H

245 3482 382 3554 popilius
399 3481 430 3537 Η
449 3482 611 3552 pompili-us
630 3483 658 3549 (b
678 3486 759 3549 erae.)
779 3480 818 3535 Μ
833 3498 843 3549 r
868 3479 980 3550 mpilius
999 3482 1024 3532 A
1042 3479 1198 3549 pompinins
1218 3478 1243 3533 0
1280 3480 1353 3535 811-

210 3588 262 3642 que
281 3571 362 3626 aliter
379 3570 413 3625 ab
434 3569 560 3626 oPeaa
657 3570 740 3624 itania
757 3571 789 3624 E
882 3571 946 3622 aute
965 3584 998 3621 aa
1015 3566 1047 3621 Η
1138 3569 1172 3622 10
1191 3570 1255 3623 aute
1273 3583 1306 3621 oa
1323 3566 1357 3622 H

210 3662 241 3715 ll
262 3659 384 3730 endemq,
404 3659 585 3714 sentientibus
606 3659 633 3714 G
704 3659 770 3728 non]
788 3673 839 3712 nee
855 3655 887 3711 H
974 3657 1007 3711 12
1027 3654 1066 3709 dii
1084 3655 1173 3711 illiG
1244 3660 1309 3710 suut
1326 3656 1354 3710 A

210 3749 410 3806 laminarum
429 3749 512 3804 saluti
531 3750 592 3804 cdd,
649 3750 682 3804 15
702 3747 849 3818 designant·
866 3746 897 3816 (g
915 3744 1021 3814 oripo
1088 3744 1189 3814 reema]
1208 3761 1262 3800 uon
1280 3748 1354 3799 reete

207 3839 335 3909 religioni
351 3839 383 3892 E
436 3838 468 3892 16
486 3838 588 3893 nomini
606 3854 657 3892 om.
678 3835 705 3892 G
724 3835 832 3891 nomine
854 3834 879 3890 0
929 3834 1070 3904 religionis
1089 3850 1140 3888 om.
1158 3834 1191 3890 Ε
1205 3833 1353 3903 religionis,

207 3929 273 3982 m.2
290 3924 465 3996 religioniG
521 3926 603 3995 obici]
624 3925 688 3979 obia
704 3923 737 3979 H
791 3941 846 3979 non
864 3939 916 3980 om.
934 3921 969 3977 H
1019 3922 1135 3977 lortmtu
1154 3920 1182 3976 A
1232 3922 1353 3977 1810111-

207 4030 303 4087 poram
321 4012 359 4068 Μ
462 4013 727 4083 bnmanum1nnum
747 4011 781 4067 H
869 4012 902 4066 la
926 4009 1099 4082 progreditur
1116 4010 1147 4064 Ε
1251 4010 1308 4065 illic
1325 4012 1357 4066 E

208 4104 242 4158 21
262 4103 386 4159 dixerunt
404 4103 431 4157 A
516 4103 551 4156 22
569 4102 705 4173 phygoras
723 4117 785 4155 ean
797 4116 897 4170 parua
914 4115 996 4169 super
1012 4114 1050 4169 yg
1067 4115 1123 4152 rae.
1142 4099 1168 4152 A
1251 4099 1285 4154 23
1303 4098 1354 4154 boe

207 4208 259 4248 ora.
279 4193 306 4245 A
359 4191 388 4245 in
407 4207 458 4245 om.
478 4189 512 4244 H
563 4191 644 4245 etiam
664 4206 716 4245 oar.
735 4188 829 4243 ΗΜΛ
883 4188 935 4243 hoe
954 4188 1036 4242 etiam
1055 4186 1144 4241 dicare
1163 4191 1278 4257 possunt
1292 4186 1352 4243 edd.

208 4282 243 4335 24
263 4286 292 4335 et
310 4280 338 4334 in
356 4278 400 4334 bin
418 4282 549 4334 terrarum
570 4278 658 4335 cdd,
