3309 4867
554 419 818 490 epistularum
848 417 903 474 CV.
1238 422 1302 487 599
1423 409 1431 420 ’

89 611 109 673 6
201 612 242 676 ut
273 616 379 678 tamen
413 611 490 694 quid
522 617 572 678 est
608 612 734 691 melius,
772 614 911 697 proferre
947 632 1040 680 ueras
1076 615 1303 698 imperatorum
1414 608 1417 611 ’
1523 655 1534 678 .

156 718 315 783 iussiones
341 738 398 801 pro
426 717 548 783 unitate
575 737 613 783 an
642 719 740 785 falsas
763 719 980 805 indulgentias
1003 740 1060 803 pro
1083 722 1304 803 peruersitate,

158 824 242 908 quod
269 844 328 891 uos
360 824 483 890 fecistis
513 827 546 889 et
570 824 734 892 mendacio
762 828 872 892 uestro
900 828 1007 893 subito
1035 831 1137 893 totam
1164 826 1302 891 Africam

158 931 338 1015 implestis?
370 932 402 996 in
440 951 500 1014 quo
531 933 617 997 facto
645 932 725 998 nibil
753 932 843 1003 aliud
872 933 1057 1002 ostendistis
1095 933 1155 999 nisi
1182 934 1302 1016 partem

128 1036 275 1104 sDonati
299 1058 424 1121 semper
442 1039 481 1103 de
504 1039 667 1104 mendacio
690 1043 946 1124 praesumentem
966 1041 1052 1108 omni
1076 1044 1171 1105 uento
1194 1036 1304 1108 iactari

159 1146 192 1209 et
222 1144 426 1218 circumferri,
461 1146 546 1210 sicut
578 1145 730 1227 scriptum
765 1155 828 1211 est:
863 1143 937 1225 Qui
970 1146 1070 1212 fidit
1101 1146 1139 1212 in
1171 1145 1304 1223 falsis,

159 1250 224 1316 hio
250 1253 387 1335 poscit
413 1257 569 1318 uentos.
598 1252 790 1318 sicutenim
819 1254 895 1318 uera
921 1252 985 1319 fnit
1010 1253 1075 1318 ista
1096 1250 1304 1336 indulgentia,

159 1356 206 1422 s'ic
223 1377 298 1423 nera
316 1364 393 1423 sunt
411 1358 541 1423 crimina
555 1357 727 1425 Caeciliani
745 1363 778 1424 et
796 1359 924 1438 traditio
942 1359 1059 1425 Felicis
1077 1358 1293 1443 Aptungensis

158 1484 215 1548 per
236 1483 334 1547 quem
360 1465 522 1533 ordinatus
551 1469 610 1544 est,
639 1469 671 1530 et
698 1464 851 1550 quicquid
878 1466 964 1532 aliud
992 1469 1103 1532 contra
1130 1463 1305 1529 catholicos

114 1584 141 1631 re
159 1568 262 1635 dicore
290 1571 481 1646 consuestis,
510 1577 592 1637 uta
619 1590 696 1655 paco
719 1571 875 1637 ecclesiae
899 1571 1017 1638 Christi
1045 1570 1188 1636 infelices
1217 1588 1304 1652 sepa-

156 1675 234 1747 retis
262 1682 295 1739 et
320 1675 489 1741 infeliciter
515 1676 715 1761 separemini.
744 1678 782 1742 de
811 1677 900 1742 nulla
926 1677 1055 1761 quidam
1083 1695 1140 1742 nos
1168 1675 1305 1778 bominis

158 1783 317 1864 potestate
349 1784 594 1866 praesumimus,
619 1775 766 1866 quamuis
799 1784 911 1867 utique
938 1782 1041 1849 multo
1069 1783 1113 1848 sit
1140 1782 1306 1848 honestius

158 1877 359 1969 praesumere
392 1890 430 1954 de
461 1889 705 1972 imperatoribus
738 1909 833 1972 qoam
865 1908 1067 1972 praesumere
1100 1888 1138 1954 de
1165 1887 1306 1954 Circum-

159 1993 357 2074 cellionibus,
380 2015 582 2079 praesumere
606 1997 644 2060 de
667 1996 793 2081 legibus
818 1999 914 2079 quom
936 2015 1136 2081 praesumere
1164 1994 1202 2061 de
1226 1995 1307 2061 sodi-

116 2127 142 2169 ιι
159 2099 316 2178 tionibns;
345 2102 401 2167 sad
425 2102 628 2168 meminimus
654 2104 808 2186 scriptum
834 2123 918 2170 esse:
951 2103 1201 2169 Maledictus
1235 2122 1306 2167 om-

159 2207 231 2286 nis,
260 2209 327 2290 qni
360 2227 468 2293 spem
501 2229 612 2274 suam
644 2209 762 2293 ponit
791 2210 830 2275 in
868 2211 1080 2276 bominem.
1117 2209 1199 2274 undo
1231 2227 1306 2301 ergo

159 2315 402 2398 praesumimus,
442 2316 468 2381 si
505 2315 605 2381 uultis
638 2334 743 2394 nosse,
776 2317 870 2383 illum
898 2316 1047 2402 cogitate,
1080 2315 1119 2381 de
1147 2317 1208 2399 quo
1236 2334 1307 2399 pro·
1368 2301 1372 2308 ⁴

159 2421 256 2503 pheta
273 2422 510 2505 praenuntiabit
527 2422 649 2487 dicens:
668 2421 907 2489 Adorabunt
930 2442 1015 2489 aum
1035 2441 1169 2489 omnes
1188 2441 1305 2508 reges

159 2530 307 2606 terrae,
350 2540 484 2594 omnes
526 2499 669 2612 gdotas
712 2529 900 2594 seruient
939 2529 1018 2595 illi.
1062 2531 1096 2593 et
1135 2528 1204 2593 ideo
1247 2528 1307 2594 hac

110 2663 140 2703 eo
158 2633 311 2699 ecclesiae
338 2636 504 2717 potestate.
525 2634 655 2712 utimur,
685 2653 779 2717 quam
808 2635 838 2700 ei
866 2635 1011 2702 dominus
1041 2640 1073 2701 et
1100 2634 1247 2717 promisit
1274 2638 1308 2699 et

158 2739 259 2805 dedic

87 2855 106 2917 7
201 2846 417 2930 Imperatores
430 2846 513 2912 onim
537 2847 565 2913 si
587 2847 619 2913 in
640 2864 742 2926 errore
762 2851 879 2924 essent,
903 2848 985 2931 quod
1010 2848 1106 2927 absit,
1129 2865 1184 2932 pro
1204 2865 1306 2913 errore

155 2971 215 3018 suo
230 2957 338 3019 contro
351 2953 520 3019 ueritatem
535 2954 625 3039 leges
645 2954 767 3033 darem,
781 2973 838 3039 per
857 2973 934 3038 quas
952 2955 1031 3019 iusti
1051 2957 1084 3020 et
1100 2954 1308 3038 probarentur

154 3061 190 3122 et
216 3063 438 3126 coronarentur
464 3079 526 3126 non
553 3058 710 3139 faciendo,
743 3059 830 3145 quod
858 3060 905 3125 illi
937 3061 1092 3139 iuberent,
1126 3061 1199 3143 qnia
1226 3060 1305 3130 deus

106 3194 135 3234 ss
154 3164 346 3248 prohiberet,
380 3166 466 3231 sicut
496 3167 635 3232 iusserat
667 3165 972 3245 Nabuchodonosor,
1004 3170 1042 3232 ut
1073 3182 1167 3232 aurea
1198 3159 1307 3230 statua

153 3269 347 3349 adoraretur,
395 3272 480 3355 quod
523 3272 577 3356 qui
621 3273 742 3339 facero·
770 3273 950 3348 noluerunt,
991 3274 1049 3339 deo
1087 3273 1164 3338 talia
1200 3271 1306 3356 probi,

151 3376 240 3441 beuti
262 3377 460 3460 placuerunt.
483 3378 608 3461 quando
632 3380 740 3443 autem
763 3379 968 3462 imperatores
993 3378 1162 3444 ueritatem
1186 3380 1304 3454 tenent,

241 3566 457 3631 oProu.1o‚l
555 3569 587 3622 15
607 3567 681 3624 Hier.
702 3566 780 3628 lue
876 3568 1087 3632 loPe..71,11
1175 3567 1303 3630 seuam

156 3656 184 3716 3,
203 3656 289 3710 1-18

186 3777 203 3832 2
222 3781 334 3848 propter
353 3778 496 3845 uersitate,
512 3797 546 3833 m.
558 3782 578 3832 2
591 3795 639 3849 pro
658 3779 840 3849 peruersitate
854 3779 890 3834 Μ
902 3782 1013 3850 propter
1027 3779 1233 3851 peruersitatem
1247 3778 1304 3833 Fa

151 3871 264 3937 propter
281 3867 477 3938 peruersitatcs
496 3869 524 3922 A
580 3868 613 3923 10
632 3867 779 3921 consuistis
796 3868 834 3924 Μ
851 3868 1031 3925 consueuirtis
1049 3867 1143 3935 slim
1204 3868 1233 3921 11
1254 3884 1304 3922 nos

153 3971 207 4011 om.
225 3956 263 4011 Μ
316 3959 349 4011 15
368 3972 406 4021 ae,
426 3972 496 4011 core.
515 3962 574 4010 ml
593 3954 642 4011 sed
659 3955 690 4010 F
758 3964 817 4010 orna
836 3956 875 4026 Μ
927 3957 960 4012 ld
978 3957 1006 4012 in
1025 3957 1163 4012 bominem
1182 3956 1302 4027 ponitA

187 4046 295 4101 bomine
315 4053 366 4112 (m
387 4051 459 4116 cop.)
478 4046 635 4101 Phemius
653 4045 708 4101 PR
730 4045 791 4101 edd.
812 4052 925 4114 praeter
943 4063 962 4100 o
979 4062 1030 4101 aec.
1056 4043 1136 4116 Μ.
1161 4044 1302 4119 (Septuap.

151 4136 192 4192 sa*
212 4131 365 4204 ἄνθρωπον)
414 4135 447 4189 18
465 4134 698 4204 pronuntiauitli
762 4152 855 4189 ornnes
873 4151 924 4192 om.
940 4138 966 4189 A
1014 4136 1047 4190 19
1066 4137 1305 4189 femaetomnes

148 4223 211 4279 eea.
227 4229 340 4294 praeter
354 4240 373 4276 a
464 4223 534 4278 ourilli
554 4229 665 4293 (pareo
682 4229 751 4289 roa.)
770 4223 801 4278 F
817 4223 851 4287 oi,
871 4229 931 4277 oc]
950 4239 1039 4293 supro
1057 4223 1099 4278 illi
1118 4223 1146 4280 R
1240 4222 1304 4277 hac

159 4315 275 4380 εἰναι.)
297 4313 334 4366 Μ
