3309 4867
329 368 392 431 604
678 365 706 419 S.
734 364 873 420 Aureli
899 361 1118 433 Augustini
1475 315 1492 352 ἱ

328 556 439 634 uestri,
463 553 539 620 huic
562 555 617 620 uni
641 554 818 630 sententiae
837 553 1047 638 respondeant
1064 556 1107 629 et,
1131 550 1171 617 ad
1190 550 1274 635 quod
1297 551 1474 619 uolueritis.

330 659 547 726 consentimus
584 660 686 725 uobis.
724 660 833 725 uidete
864 658 959 738 enim,
996 676 1092 741 quam
1127 676 1276 742 peruerse
1312 660 1346 723 et
1379 657 1475 742 impie

329 767 463 845 dicatur,
496 765 581 849 quod
609 765 713 832 dicere
741 765 864 844 soletis,
896 764 980 849 quia,
1013 763 1041 828 si
1068 763 1173 830 bonus
1200 763 1244 829 sit
1270 764 1377 842 homo,
1407 763 1475 847 ipse

330 872 508 938 sanctificat
526 890 610 955 eum,
634 891 729 956 quem
751 872 904 957 baptizat,
928 871 957 937 si
979 873 1088 936 eutem
1109 870 1215 936 malus
1238 869 1282 935 sit
1304 873 1338 935 et
1358 868 1500 935 nesciat

330 979 395 1053 ille,
424 978 479 1061 qui
507 978 696 1062 baptizatur,
723 981 801 1044 tuno
825 977 904 1045 deus
932 975 1120 1054 serotiiioat
1149 975 1209 1043 hoo
1233 976 1394 1041 sinerum
1417 977 1476 1055 est,
1510 1000 1526 1038 s

331 1088 439 1169 optare
462 1099 537 1170 ergo
562 1083 678 1151 debent
703 1085 859 1163 homines,
887 1089 924 1150 ut
947 1083 1081 1150 amalis
1104 1083 1258 1169 ignoratis
1281 1082 1480 1170 baptizentur¹

330 1191 438 1274 potius
462 1209 557 1273 quam
581 1208 601 1255 n
622 1190 706 1257 notis
729 1191 832 1270 bonis,
860 1195 898 1256 ut
920 1190 1023 1276 magis
1047 1208 1065 1255 e
1089 1188 1148 1255 deo
1172 1208 1265 1275 quem
1289 1190 1329 1256 sb
1353 1188 1479 1255 homine

330 1296 455 1379 possint
486 1296 686 1365 sanctificari.
719 1296 777 1364 sed
804 1297 889 1364 absit
917 1316 935 1363 s
967 1296 1060 1363 nobis
1092 1295 1156 1361 ista
1183 1295 1352 1362 dementia
1386 1313 1480 1379 quare

332 1422 406 1488 ergo
434 1420 496 1468 non
524 1422 638 1469 uerum
661 1404 799 1469 dicimus
824 1407 858 1469 et
884 1407 970 1470 recte
998 1403 1153 1486 sepimus,
1182 1404 1257 1487 quia
1283 1422 1409 1486 semper
1430 1401 1481 1466 dei

221 1511 226 1522 '
333 1514 384 1574 est
418 1509 474 1574 illa
511 1509 613 1594 grstia
645 1513 678 1576 et
709 1511 760 1577 dei
797 1513 1030 1576 sacramentum
1068 1509 1205 1577 hominis
1238 1513 1344 1576 autem
1376 1509 1480 1574 solum
1501 1535 1528 1575 ro

332 1615 556 1694 ministerium,
580 1616 635 1699 qui
658 1616 686 1682 si
709 1617 813 1683 bonus
837 1620 897 1695 est,
926 1616 1077 1682 adhaeret
1099 1615 1157 1683 deo
1181 1619 1214 1682 et
1236 1618 1386 1701 operatur
1407 1634 1480 1680 oum

334 1722 403 1798 deo,
432 1720 460 1787 si
483 1724 590 1786 summ
619 1724 725 1788 malus
749 1725 810 1802 est,
839 1726 989 1808 operatur
1014 1741 1071 1805 per
1097 1722 1189 1788 illum
1214 1721 1293 1788 deus
1320 1721 1482 1790 risibilem

334 1827 523 1892 sacramenti
541 1827 685 1903 formam,
704 1828 774 1912 ipse
793 1831 900 1895 autem
917 1818 1016 1895 donst
1033 1829 1228 1895 inuisibilsm
1247 1827 1404 1913 gradum?
1422 1826 1482 1892 hoo

336 1934 496 2017 sapiemus
520 1953 629 2001 omnes
653 1939 685 2001 et
708 1953 770 2001 non
793 1935 913 2001 sintin
937 1935 1029 2002 nobis
1053 1935 1238 2002 schismata

200 2055 244 2120 lV
267 2050 311 2114 13
380 2038 576 2107 Conoordste
607 2043 787 2121 nobiseum,
819 2043 948 2119 stenem
987 2040 1153 2127 diligimus
1186 2062 1260 2117 uos;
1296 2042 1358 2107 hos
1389 2039 1482 2106 uobis
1503 2065 1531 2106 ιε

335 2147 495 2226 uolumus,
520 2147 604 2230 quod
623 2151 655 2215 et
673 2148 775 2215 nobis.
800 2149 828 2214 si
847 2153 1014 2232 propterea
1031 2167 1089 2214 nos
1113 2150 1243 2233 gramm
1262 2147 1387 2224 odistis,
1410 2146 1485 2230 quia

336 2272 437 2318 errare
464 2273 525 2320 uos
549 2258 582 2319 et
608 2254 709 2337 perire
737 2273 800 2321 non
826 2254 1055 2339 permittimus,
1084 2254 1225 2321 hordeo
1254 2253 1360 2332 dieite,
1389 2270 1484 2336 quem

336 2359 486 2425 timemus
528 2360 701 2427 minantem
737 2361 832 2427 mulis
875 2360 1057 2445 pastoribus
1094 2364 1128 2426 et
1163 2361 1334 2427 dicentem:
1372 2356 1484 2439 Quod

338 2469 557 2546 manerat,
586 2487 660 2533 uon
693 2469 930 2534 rsuonastis
968 2471 1017 2546 et,
1046 2468 1151 2550 quod
1186 2468 1376 2552 perierat,
1409 2463 1511 2531 nou'

337 2572 594 2655 inquisistis.
622 2572 684 2640 hoe
709 2574 804 2640 uobis
832 2593 889 2658 por
915 2593 973 2641 nos
996 2573 1075 2639 deus
1102 2574 1171 2656 ipse
1198 2575 1276 2640 iacit
1302 2573 1372 2640 siue
1395 2572 1485 2637 obse
1503 2599 1533 2638 so

339 2678 452 2744 orando
481 2679 550 2744 siue
578 2679 724 2748 minando
753 2681 826 2747 siue
848 2679 1044 2765 corripiendo
1069 2680 1138 2745 siue
1162 2680 1285 2746 damnis
1308 2680 1377 2746 siue
1398 2677 1483 2743 lubo-

337 2786 424 2850 n'bus
457 2786 528 2852 siue
559 2805 616 2870 per
647 2805 722 2854 suus
755 2787 899 2854 occultas
930 2786 1162 2854 admonitiones
1197 2788 1252 2852 uel
1282 2785 1486 2852 uisitatioues

338 2891 407 2956 siue
424 2909 480 2974 per
497 2894 696 2980 potestatum
712 2893 939 2979 temporalium
957 2895 1057 2979 leges.
1076 2893 1266 2978 intellegite,
1285 2891 1363 2976 quid
1380 2890 1486 2966 uobis

339 3017 411 3062 oum
439 3000 567 3082 agotum
595 3000 697 3084 perire
725 3019 785 3066 uos
808 3019 870 3066 non
897 3000 971 3067 uult
993 2999 1073 3065 deus
1096 3000 1129 3064 in
1152 2999 1308 3084 sacrilega
1326 2996 1485 3064 'discordia

339 3103 494 3172 alienatos
526 3123 544 3170 a
575 3110 677 3173 metro
709 3110 819 3172 uestra
851 3106 1019 3173 catholiea.
1051 3106 1133 3171 nihil
1163 3106 1195 3170 in
1227 3123 1284 3171 nos
1317 3102 1484 3187 aliqnando
1503 3131 1533 3171 es

339 3210 470 3293 probare
492 3210 661 3295 potuistis;
686 3212 786 3276 uestri
805 3212 948 3297 episcopi
967 3211 1116 3278 conuerti
1134 3230 1154 3275 a
1170 3211 1263 3278 nobis
1283 3230 1360 3276 num
1381 3208 1485 3276 nobis·

339 3335 412 3383 oum
443 3315 575 3399 pacifice
603 3316 744 3384 conferre
772 3318 943 3384 uoluemnt
971 3317 1064 3401 quasi
1091 3317 1250 3401 fugientes
1277 3337 1351 3383 oum
1377 3332 1485 3401 peona·

430 3561 464 3615 18
482 3559 582 3615 Erech.
601 3562 643 3616 34.
662 3563 680 3615 4

377 3736 616 3803 luniom.,m.1
634 3736 755 3790 addi!
803 3736 958 3808 sipssr'·
999 3736 1138 3807 dquiM
1208 3736 1484 3805 iapostquamr'n

335 3825 396 3894 fine
412 3841 440 3877 se.
459 3841 511 3879 em.
530 3826 558 3879 A
623 3825 652 3879 ll
673 3826 697 3878 si
716 3841 767 3890 nep.
786 3825 817 3879 F
829 3826 911 3892 (odd.
931 3842 965 3879 m.
977 3828 1001 3892 1)
1020 3825 1046 3879 A
1122 3825 1154 3878 13
1173 3824 1318 3879 inuisibile.
1336 3841 1370 3880 es.
1382 3822 1485 3877 asad.

342 3944 379 3961 m
397 3929 480 3982 super
498 3928 512 3966 e
531 3911 560 3967 R
633 3913 665 3966 15
684 3912 804 3978 dilimus,
823 3917 888 3967 m.2
906 3912 1047 3983 diligimus
1066 3915 1092 3966 A
1158 3907 1190 3967 16
1209 3912 1293 3967 oditis
1311 3912 1339 3968 R
1407 3913 1439 3966 17
1458 3919 1485 3964 et

341 4001 428 4071 perire
447 4017 498 4055 om.
517 4001 545 4055 R
597 4001 631 4056 20
650 4002 787 4072 quesistis,
808 4018 877 4058 corr.
896 4006 956 4056 oo.1
975 4002 1133 4070 inquesistis
1151 4001 1189 4055 M
1240 3999 1306 4055 deus
1323 4004 1372 4072 'per
1389 4016 1439 4053 nos
1452 3998 1488 4053 M

378 4091 435 4161 ipse
459 4105 520 4152 om..
544 4093 603 4143 m.1
627 4090 693 4144 add.
711 4089 748 4143 M
853 4091 888 4143 23
907 4089 965 4143 siue
988 4092 1047 4159 peri
1072 4089 1131 4143 siue
1155 4088 1200 4143 uel
1224 4087 1254 4143 F
1275 4090 1332 4144 siue
1350 4075 1441 4142 A-'uel
1455 4088 1486 4140 Μ

342 4180 377 4234 24
396 4177 495 4249 agitur,
515 4181 780 4247 corr.oe.1sgatur
799 4178 836 4231 M
917 4179 951 4232 26
971 4178 1046 4245 nrum}
1066 4185 1121 4230 nun
1147 4177 1242 4245 fuisse,
1260 4181 1327 4233 esst
1343 4193 1397 4230 nou
1417 4191 1479 4229 corr

342 4268 400 4321 uid.
419 4267 456 4321 M
472 4267 633 4338 nuqusmP
649 4266 710 4320 edd.
764 4266 943 4321 uobiscumR
984 4267 1018 4319 27
1038 4267 1189 4332 noluerunt,
1210 4264 1489 4335 saleuproiudli
