3309 4867
583 392 851 463 epistularum
878 390 1009 491 LliXXV.
1306 393 1371 458 395

148 585 171 647 2
230 630 233 635 »
269 587 348 652 Cum
381 589 488 655 nutem
520 589 556 651 tu
588 578 705 671 magie'
721 586 887 671 magisque
914 590 947 651 te
975 585 1140 669 implicans
1166 604 1229 652 uon
1253 605 1370 665 cesses,
1409 632 1412 641 ·

225 699 262 758 ut
291 693 387 759 etiam
418 692 524 767 rebus,
559 692 674 775 quibus
708 692 908 773 renuntiasti,
939 697 973 758 te
1005 694 1080 776 post
1105 690 1371 757 renuntiationem

224 799 402 877 inserueris,
435 798 520 883 quod
552 817 609 863 neo
642 797 727 882 apud
758 799 846 882 ipsas
876 790 1033 864 'humanas
1064 798 1153 883 leges
1181 797 1248 863 ullo
1276 797 1371 863 modo

226 905 348 971 defendi
363 910 479 987 potest,
496 909 528 970 et
547 905 580 970 iu
596 925 634 971 ea
650 904 849 989 professione
867 906 977 971 uiuere
995 904 1121 982 dicaris,
1135 904 1188 969 oui
1205 903 1372 989 tmgalitae

189 1011 377 1078 eecclesiae
408 1016 483 1077 tuae
511 1010 657 1077 sufficere
685 1030 747 1079 non
774 1012 889 1096 possit,
917 1014 955 1076 ut
983 1009 1059 1095 quid
1082 1010 1209 1094 quaeris
1232 1028 1372 1075 eommu-

224 1119 347 1182 nionem
375 1136 490 1197 meam,
515 1135 587 1183 oum
616 1117 725 1183 audire
753 1137 927 1202 numquam
955 1116 1096 1185 uolueris
1124 1116 1371 1182 admonitionem

224 1228 347 1290 meam?
378 1244 417 1290 an
449 1227 496 1303 ut,
528 1223 680 1307 quioquid
712 1224 802 1303 faeie,
835 1225 914 1292 mihi
941 1224 1090 1307 inputant
1115 1223 1271 1302 homines,
1295 1242 1371 1307 quo·

223 1349 292 1395 rum
324 1330 468 1414 querelas
506 1331 663 1397 sustinere
695 1349 757 1396 non
789 1334 942 1415 possum?
979 1331 1097 1396 frustra
1128 1333 1235 1395 autem
1268 1330 1372 1413 suspi-

223 1436 303 1503 earis
331 1456 385 1502 eos
414 1445 485 1502 esse
514 1437 742 1503 obtrectatores
771 1442 856 1514 taos,
885 1438 941 1520 qui
963 1437 1022 1502 tibi
1045 1455 1170 1518 semper
1193 1436 1278 1502 etin
1302 1437 1370 1502 uita

179 1542 324 1625 inpriore
348 1540 508 1608 aduersati
533 1546 617 1609 sunt.
647 1563 709 1609 nou
734 1548 784 1609 est
806 1543 852 1609 ita
874 1562 932 1609 nee
955 1544 1081 1621 mirum,
1105 1542 1188 1626 quod
1213 1544 1316 1609 multe
1338 1548 1370 1609 te

223 1646 331 1714 latent.
365 1648 420 1712 sed
447 1648 544 1714 stiam
572 1650 600 1714 si
628 1651 689 1717 hoe
716 1670 828 1716 uerum
857 1653 956 1725 esset,
981 1648 1062 1714 nihil
1082 1648 1114 1713 in
1137 1647 1205 1713 tuis
1228 1648 1369 1715 moribus

223 1753 362 1819 inuenire
391 1753 578 1835 debuerunt,
607 1756 690 1838 qnod
718 1764 803 1822 reete
826 1755 1089 1840 reprehenderent
1111 1760 1145 1820 et
1168 1755 1250 1821 unde
1273 1756 1371 1821 eodo-
1442 1784 1443 1789 ¹

223 1859 301 1924 siam
324 1846 590 1944 blasphemarent.
613 1863 716 1928 adhue
738 1883 790 1928 me
808 1867 902 1948 putas
922 1862 1057 1928 fortasse
1075 1861 1146 1928 ideo
1169 1861 1234 1937 iste
1256 1861 1370 1941 dicere,

224 1966 297 2047 quia
328 1986 390 2030 non
424 1967 532 2059 aoeepi
565 1968 816 2035 satisfactionem
843 1974 941 2036 tuam.
975 1969 1073 2034 immo
1101 1971 1267 2052 prepterea
1289 1968 1370 2047 dieo,

179 2100 206 2139 ιι
223 2091 261 2136 ne
291 2072 360 2155 ipse
392 2092 452 2151 uon
487 2075 606 2165 possim
640 2076 720 2140 satis
753 2075 811 2141 deo
844 2076 946 2142 faeere
980 2075 1017 2141 de
1050 2074 1189 2159 peccatis
1221 2075 1313 2153 meis,
1342 2075 1370 2141 si

224 2178 299 2243 liaeo
321 2178 381 2245 tibi
403 2184 544 2245 tacuero.
569 2181 654 2259 noui,
678 2182 755 2265 quia
776 2201 831 2247 eor
853 2182 961 2261 habes,
987 2182 1043 2249 sed
1066 2185 1100 2246 et
1125 2178 1251 2245 tardum
1280 2199 1370 2246 seeu-

222 2303 291 2349 rum
315 2288 374 2362 est,
399 2288 524 2371 quando
548 2288 578 2352 in
604 2289 690 2354 caelo
715 2292 775 2365 est,
799 2291 832 2353 et
850 2292 977 2355 aeutuu'n
998 2307 1052 2355 oor
1068 2288 1148 2354 nihil
1166 2290 1226 2365 est,
1246 2287 1369 2372 qnando

223 2391 253 2454 in
276 2397 361 2457 terra
383 2396 441 2458 est.
467 2412 527 2459 non
553 2398 602 2459 est
624 2394 828 2478 episcopatus
851 2394 1018 2461 artificium
1043 2394 1262 2480 transigendae
1285 2394 1370 2460 uitae

223 2496 354 2563 tillaois.
387 2499 513 2565 dooebit
541 2504 582 2579 te,
611 2501 697 2583 quod
724 2500 806 2578 dieo,
830 2499 1091 2579 dominantem,
1115 2501 1170 2585 qui
1193 2500 1253 2566 tibi
1276 2499 1370 2565 inter·

176 2634 206 2673 so
224 2602 320 2669 elusit
341 2622 456 2670 omnes
484 2606 565 2686 uias,
589 2607 629 2672 ad
652 2627 731 2691 quae
754 2607 809 2673 illo
835 2608 883 2673 uti
906 2606 1053 2686 uoluisti,
1075 2610 1113 2672 ut
1137 2607 1253 2691 diriget
1275 2610 1317 2685 te,
1342 2608 1371 2672 si

223 2709 560 2794 interregnantium
584 2713 682 2791 uiam,
704 2716 835 2797 propter
857 2732 952 2796 quam
976 2712 1198 2779 ambulandam
1223 2713 1281 2777 tibi
1304 2717 1369 2778 tam

224 2819 334 2880 saneta
355 2816 478 2882 sarcina
501 2818 639 2900 inposita
661 2823 722 2887 est.

261 3006 273 3058 l
293 3005 432 3076 implicare
451 3010 480 3060 te
502 3007 605 3063 neae.
625 3013 654 3062 te
671 3009 854 3078 multiplicare
877 3009 904 3063 U
986 3010 1003 3065 3
1022 3009 1153 3063 humanas
1171 3010 1245 3079 ipsas
1267 3009 1294 3064 T
1308 3009 1369 3064 edd.

259 3092 403 3149 humanas
422 3100 459 3161 (m
479 3104 561 3163 erue.)
575 3098 602 3153 R
637 3096 816 3153 tdieetiail'
850 3097 1017 3169 Squereles,
1036 3113 1106 3154 corr.
1125 3103 1186 3168 nel
1202 3097 1373 3168 querelooH

259 3185 349 3238 anum
372 3184 580 3253 suspicaris-u.
601 3189 642 3240 22
663 3186 793 3256 imponite.
816 3192 859 3241 est
876 3186 1017 3256 deperAEte
1045 3186 1147 3241 codicis
1172 3188 1244 3254 sotio
1272 3187 1370 3244 aanor

221 3272 254 3324 in
273 3270 307 3326 Π
359 3271 392 3326 12
410 3275 558 3342 potuerunt
579 3273 606 3327 V
623 3276 683 3343 (pot
700 3275 732 3328 in
748 3291 807 3332 rae.
824 3292 860 3328 m.
870 3279 897 3342 1)
921 3274 949 3329 U
1007 3275 1039 3329 17
1059 3274 1166 3346 quando
1186 3276 1308 3331 incaelo
1328 3283 1371 3331 est

221 3375 275 3414 ern.
293 3360 372 3415 eodd.
392 3360 452 3417 edd.
466 3365 616 3428 premerer
688 3362 808 3433 quandin
827 3364 856 3417 iu
874 3366 947 3418 terra
965 3368 1009 3418 est
1026 3380 1040 3417 a
