3309 4867
519 393 783 477 epietnletunr
811 406 882 464 c1x.
910 406 964 465 CX.
1245 413 1313 480 639

160 599 276 664 simam
298 598 488 696 iueinuuuit;
512 618 624 665 uerum
644 600 830 668 tamenetsi
855 619 917 666 non
941 599 1020 666 milri
1043 601 1090 668 rei
1111 619 1214 668 nouee
1231 604 1313 668 ,inei-

159 705 295 782 uuetnn,
319 724 403 770 noue
424 710 530 773 tomen
554 705 780 790 rescripturum
804 707 941 773 exeoirix
964 706 1035 772 iuit.

59 811 84 873 2
205 810 332 879 Miraris
350 811 498 891 fortusse,
522 830 580 877 our
601 830 653 877 me
676 811 772 880 huius
795 811 896 878 debiti
918 814 1151 898 persolutorem
1171 813 1314 899 inputem
1343 887 1348 898 ί

160 916 275 995 droam,
299 936 371 984 oum
395 921 433 983 tu
456 918 659 984 demotum
682 920 820 985 multum
843 919 974 998 sentino,
998 919 1052 1004 qui
1075 940 1130 987 mo
1148 925 1312 1005 umquem

126 1023 267 1089 oeuimo
292 1043 364 1089 mee
389 1026 528 1096 noueris.
556 1024 613 1094 eed
640 1025 701 1092 hoo
727 1024 835 1110 ipsum
858 1030 919 1104 oet,
945 1025 1033 1111 quod
1059 1027 1139 1093 mihi
1164 1045 1313 1113 mugnone

158 1128 385 1200 diffloultudern
411 1130 489 1197 feeit
514 1130 725 1214 respondendi
752 1131 871 1197 littorio
897 1131 975 1212 tuin,
1004 1132 1079 1215 quie
1106 1136 1148 1212 et,
1177 1136 1314 1217 quantus

160 1235 242 1301 mihi
259 1236 410 1313 uideatis,
427 1255 522 1320 porco
534 1238 638 1303 dioere
656 1242 784 1321 propter
802 1238 1026 1305 uereeundiom
1043 1241 1134 1305 tuom
1152 1242 1186 1305 et
1202 1239 1315 1322 utique

160 1341 269 1410 minus
300 1344 446 1432 dieendo,
483 1363 556 1410 oum
590 1347 626 1409 iu
662 1343 694 1408 in
727 1363 778 1410 me
810 1347 933 1410 tenum
971 1344 1098 1414 leudem
1131 1345 1314 1424 contuleris,

162 1437 245 1533 duid
258 1450 320 1515 nisi
339 1450 464 1517 debitor
479 1449 671 1517 remanebo?
694 1450 779 1536 quod
797 1470 860 1519 non
879 1468 1033 1533 oururonr,
1056 1451 1086 1517 ei
1104 1471 1151 1530 ee,
1175 1469 1256 1536 quoe
1275 1450 1315 1515 de

112 1580 144 1621 ιι
161 1574 214 1622 ure
232 1556 273 1621 ed
290 1575 342 1622 mo
360 1557 489 1623 loeutus
508 1576 553 1634 oe,
572 1576 634 1624 non
654 1577 690 1622 ex
709 1557 840 1623 ennete
863 1557 1079 1639 eineorieeimo
1096 1556 1183 1625 diete
1200 1559 1315 1625 eoirem

162 1662 221 1727 eod
242 1662 424 1730 adulatione
445 1663 576 1731 iniruioe
598 1653 849 1731 exercitudine
868 1664 985 1748 quippe
1003 1662 1098 1731 ruodo
1115 1683 1174 1731 neo
1193 1663 1318 1730 debitor

160 1767 281 1849 fierem,
310 1770 385 1853 quie
412 1770 489 1835 telio
515 1770 686 1854 rependero
713 1790 774 1838 non
797 1770 962 1846 deberem
991 1769 1048 1835 eed
1071 1775 1189 1854 quante
1211 1772 1315 1856 mugio

161 1875 250 1954 noui,
278 1894 373 1961 quom
400 1874 488 1942 fidoli
516 1877 623 1944 enimn
645 1875 796 1961 loqueris,
824 1881 914 1944 tonte
937 1876 1042 1962 mugio
1064 1875 1170 1957 uideo,
1197 1882 1316 1961 quanto

161 1980 271 2047 debito
293 1998 417 2066 grener.

64 2088 143 2154 31⁶
208 2086 289 2155 Vide
312 2091 430 2167 entem,
454 2089 531 2171 quid
551 2088 632 2154 mihi
654 2089 800 2174 onutigit,
827 2092 867 2154 ui
882 2103 940 2155 ⁴me
964 2087 1101 2172 quodum
1125 2087 1218 2153 ruodo
1244 2088 1316 2171 ipse

160 2197 371 2277 loudeuerim,
395 2198 450 2282 qui
472 2215 523 2263 mo
543 2216 562 2261 e
583 2198 616 2262 te
639 2196 776 2262 fideliter
795 2193 1130 2263 nodotumdixerim.
1158 2193 1216 2259 eod
1237 2194 1316 2276 qnid

162 2303 251 2370 eliud
278 2305 416 2371 dioorem
443 2323 538 2390 quem
570 2302 614 2383 id,
647 2302 733 2387 quod
764 2302 868 2368 dete
895 2301 1058 2379 admonui,
1086 2319 1182 2384 quem
1209 2301 1317 2366 nosti?

163 2430 239 2477 oooe
259 2402 340 2478 ouihi
362 2430 478 2478 nouom
506 2410 567 2477 feei
591 2409 822 2494 quaestionem,
852 2423 946 2493 quoru
970 2412 1006 2473 tu
1031 2426 1093 2473 nou
1120 2407 1317 2491 proposuisti

163 2523 198 2583 et
224 2537 293 2584 eoru
320 2519 472 2584 dortoeoie
500 2521 648 2601 expectes
679 2520 718 2582 ui
749 2515 885 2583 seluern.
916 2513 963 2579 ito
994 2513 1074 2578 mihi
1099 2531 1211 2596 pamm
1239 2516 1316 2583 eruto

114 2645 144 2685 ro
163 2621 251 2707 quod
270 2624 508 2701 debitotorem,
531 2622 595 2688 nisi
613 2622 709 2687 etium
733 2641 785 2688 me
808 2620 961 2705 ampliore
984 2620 1091 2685 debito
1113 2619 1184 2702 ipso
1207 2637 1318 2685 eumu-

160 2735 272 2799 larem,
300 2749 493 2814 quamquem
521 2730 582 2801 hoo
610 2729 704 2796 fenile
732 2729 777 2794 sit
803 2727 969 2793 ostendero
998 2729 1040 2803 et,
1065 2725 1093 2790 ei
1124 2744 1185 2793 nou
1213 2729 1317 2790 oston-

163 2824 249 2915 dem,
277 2837 372 2902 focile
398 2836 459 2902 tini
487 2836 595 2902 uidere
624 2840 657 2901 et
685 2854 761 2901 uere
787 2833 958 2900 infideliter
981 2832 1044 2897 diei
1072 2850 1167 2916 posse
1195 2835 1228 2896 et
1254 2850 1316 2896 nou

163 2961 242 3007 uere
263 2940 410 3008 fideliter.
434 2943 488 3025 qui
512 2942 596 3007 enim
620 2941 668 3006 eie
692 2939 802 3018 eredit,
829 2942 867 3004 ui
889 2937 1043 3023 loquitur,
1072 2936 1134 3020 otei
1156 2956 1217 3002 nou
1242 2956 1318 3002 uero

162 3048 318 3133 loquitur,
336 3047 474 3114 fideliter
491 3049 646 3132 loquitur3
668 3048 723 3129 qui
737 3051 843 3111 autem
864 3064 925 3112 non
940 3044 1050 3118 eredit,
1066 3062 1147 3126 quoe
1163 3042 1317 3125 loquitur,

115 3178 145 3218 eo
165 3154 237 3226 etsi,
256 3174 333 3226 uere
358 3155 511 3237 loquitur,
537 3152 710 3219 infideliter
736 3152 890 3235 loquitur.
918 3148 1074 3256 numquid
1097 3163 1170 3234 ergo
1194 3148 1317 3218 dubito.

202 3416 220 3470 8
239 3415 434 3486 persolutione.
452 3418 514 3472 orei
530 3430 619 3485 supro
637 3413 651 3468 1
668 3412 866 3484 persolutorem
883 3411 912 3470 Β
965 3412 983 3466 4
1001 3410 1035 3465 de
1054 3410 1086 3464 e're
1099 3410 1160 3479 fine
1175 3425 1205 3463 ιι.
1224 3425 1276 3463 om.
1294 3411 1318 3462 A

166 3503 202 3559 de
223 3503 252 3570 (d
270 3521 304 3559 en
322 3520 391 3560 corr.
410 3520 444 3558 nr.
455 3505 483 3575 1)
501 3504 539 3557 P¹
614 3511 673 3557 turn
691 3501 817 3573 muitum]
837 3506 944 3556 tuntum
964 3500 999 3553 Μ
1069 3501 1086 3553 6
1104 3499 1171 3552 fecit
1189 3498 1320 3568 Iisdem

203 3592 333 3665 rerpondi
351 3592 417 3648 off
509 3592 615 3662 donee
634 3589 668 3644 de
687 3589 894 3661 meielloontuo
913 3605 941 3643 eo
960 3590 987 3642 A
1088 3588 1121 3641 10
1138 3586 1320 3641 sinceriori-ne

167 3682 284 3737 curitete
301 3679 330 3737 R
436 3682 465 3735 11
487 3681 548 3750 nee]
568 3696 623 3735 uon
641 3678 672 3733 F
778 3680 811 3734 12
830 3676 994 3750 respondere
1012 3676 1050 3731 M
1066 3676 1262 3746 reprehendere
1281 3674 1318 3728 ΡΙ

169 3770 205 3825 13
223 3769 297 3826 fideli
317 3769 419 3840 eoirno]
439 3767 530 3823 ddelie
548 3783 627 3822 nemo
645 3767 684 3822 AI
699 3765 793 3821 ddelie
809 3782 908 3837 nempe
927 3767 955 3820 A
1048 3766 1080 3819 14
1099 3780 1230 3833 grenonrnu
1251 3768 1318 3828 (roe.

166 3859 289 3926 1-21.)
307 3858 336 3914 P
426 3860 459 3912 15
478 3857 551 3927 quod
569 3855 686 3910 ederedo
704 3855 742 3910 Μ
810 3856 870 3926 ipee
887 3870 940 3910 om.
960 3853 988 3909 R
1080 3854 1112 3907 17
1131 3851 1201 3922 quod
1220 3868 1273 3906 ore.
1292 3850 1323 3905 F

206 3948 325 4009 editioni,
344 3954 403 4002 ιιι
422 3961 491 4001 corr.
511 3945 640 3999 edrnonni
658 3944 689 3999 F
776 3959 866 4015 quem,
884 3947 945 3997 uei
963 3958 1050 4012 repro
1069 3942 1082 3995 1
1099 3957 1180 4012 quem
1194 3940 1222 3996 R
1240 3955 1320 4009 quem

168 4037 346 4105 eddpofsu.
368 4038 442 4090 4-6
480 4035 514 4090 18
532 4032 603 4089 Eece
623 4034 674 4099 (eie
685 4037 706 4099 1)
726 4031 756 4088 F
812 4047 911 4088 nouem
929 4032 996 4086 ruini
1016 4031 1203 4103 queeetionem
1222 4028 1274 4083 ieci
1292 4027 1320 4082 13

205 4126 340 4197 propuieti
359 4128 386 4180 A
472 4124 508 4179 ‘20
526 4123 652 4195 empliori
670 4122 698 4176 P
711 4121 873 4192 ampliorem
891 4119 982 4175 ΜΗ
1067 4119 1101 4174 21
1120 4118 1218 4173 feoiieo
1238 4118 1320 4184 (eino

169 4213 208 4270 eit
226 4211 310 4270 Fuit
328 4209 455 4268 roureio
509 4214 543 4268 25
563 4227 627 4267 uero
644 4209 676 4282 F
691 4226 755 4264 new
772 4210 801 4264 A
873 4225 924 4279 ego
943 4206 981 4263 Μ
1051 4206 1154 4268 debito.
1172 4221 1241 4261 corr.
1263 4209 1323 4258 uer

171 4301 268 4358 dubito
286 4301 315 4356 R
