3309 4867
543 390 808 459 epistularum
837 389 920 447 cvn.
946 391 1043 448 CVIII.
1296 395 1361 460 613
1466 373 1476 390 ”
1508 451 1531 460 ..
1598 395 1603 406 '
1637 427 1638 478 p

211 584 368 650 ‘ueritatis
387 584 521 663 adulter,
546 588 656 649 eatena
680 584 862 670 sacrilegii,
888 585 973 651 siout
991 586 1118 651 eoneilii
1144 585 1242 652 uestri
1264 589 1362 653 uerba

211 692 361 768 indicant,
400 691 598 766 trahebatur3
637 691 664 756 si
701 709 810 757 seeum
848 692 1024 757 abstulerat
1054 693 1174 759 fontem
1206 697 1361 772 uestrum,
1473 705 1485 786 ,¹

213 798 284 883 quis
313 801 380 864 erat
411 797 491 876 fons,
514 798 546 863 in
575 817 638 881 quo
670 798 727 862 illo
761 801 906 882 separato
933 802 1059 864 uestros
1092 799 1301 884 baptizastis?
1333 801 1362 865 si

213 907 320 971 autem
338 904 370 970 iu
391 904 492 970 alieno
511 904 599 970 fonte
618 904 845 988 baptizarent,
869 923 965 988 quare
984 910 1059 989 post
1077 924 1149 970 eum
1168 924 1228 971 nou
1253 906 1362 992 robap·
1448 947 1451 950 -
1541 925 1543 928 ’

181 1034 195 1075 s
212 1011 359 1078 tinastis?
379 1011 478 1075 simul
491 1011 574 1076 enim
595 1019 678 1075 nuno
696 1014 804 1076 nester
819 1011 991 1096 episeopus
1011 1011 1101 1078 sedet
1115 1031 1187 1078 oum
1202 1011 1361 1080 Primiono

213 1135 231 1182 a
254 1136 288 1183 sa
312 1116 461 1184 damnato
485 1122 518 1182 et
540 1117 723 1184 damnatura
746 1135 817 1184 suo.

145 1217 166 1279 2
259 1223 321 1290 Sed
349 1222 436 1289 sieut
462 1221 540 1289 mibi
569 1224 636 1289 suis
663 1222 781 1289 litteris
810 1223 998 1290 intimarunt
1024 1225 1136 1303 nostri,
1165 1226 1220 1307 qai
1247 1226 1280 1290 in
1304 1224 1362 1290 hae

214 1348 311 1396 eausa
332 1334 365 1395 te
385 1329 544 1406 sideman
565 1348 638 1396 eum
656 1332 857 1412 quaererent,
882 1329 959 1415 quid
982 1330 1055 1397 bino
1079 1330 1211 1409 diceres,
1234 1349 1362 1414 respon-

214 1437 291 1502 disti
310 1450 342 1501 te
364 1455 465 1520 nuper
487 1435 666 1502 ordinatum
689 1436 847 1502 factorum
869 1436 970 1521 patris
986 1438 1034 1502 tui
1052 1437 1192 1503 iudicem
1211 1456 1281 1514 esse
1300 1456 1362 1502 non

168 1570 195 1610 10
213 1561 318 1627 posse,
346 1542 457 1609 sedin
481 1561 528 1623 eo,
554 1543 639 1626 quod
662 1562 680 1608 a
702 1542 861 1627 prioribus
883 1542 951 1609 tuis
973 1525 1144 1627 acceperis,
1171 1561 1361 1628 parmanere.

214 1650 287 1715 bino
316 1667 390 1714 sane
413 1647 503 1718 delui
529 1648 752 1714 necessitatem
781 1651 882 1726 tuam,
911 1666 984 1713 uum
1007 1652 1039 1713 te
1063 1648 1250 1726 existimem,
1279 1648 1364 1714 siout

215 1755 319 1835 audio,
347 1754 448 1821 bonae
476 1753 591 1820 indolis
619 1753 778 1819 iuuenem.
807 1754 884 1838 quid
907 1754 992 1820 enim
1015 1758 1047 1820 te
1070 1754 1110 1821 ad
1133 1755 1214 1820 hano
1235 1769 1362 1839 respon·

215 1862 338 1927 sionem
366 1861 429 1926 nisi
455 1860 558 1929 malae
582 1879 696 1925 causae
724 1861 900 1927 necessitas
924 1861 1032 1945 cogit?
1061 1861 1117 1927 sed
1145 1861 1362 1936 studendis,

216 1968 260 2032 mi
287 1967 394 2044 frater,
423 1965 451 2032 si
478 1970 564 2032 reeta
593 1966 726 2053 cogites,
755 1967 783 2032 si
811 1967 904 2033 deum
933 1966 1058 2046 timeas,
1091 1969 1123 2033 in
1151 1968 1236 2033 mala
1266 1986 1364 2034 eausa

170 2099 197 2139 15
216 2090 417 2158 perseuerare
450 2072 538 2138 nulla
565 2072 739 2137 necessitas
768 2072 866 2153 cogit.
900 2071 976 2137 haee
1005 2073 1088 2137 enim
1117 2073 1280 2157 responsio
1308 2076 1364 2139 tua

216 2198 277 2245 uon
306 2176 524 2263 quaestionem
550 2177 612 2243 tibi
645 2197 664 2242 a
696 2196 746 2242 me
779 2179 976 2262 propositam
1007 2178 1116 2257 soluit,
1150 2179 1206 2245 sed
1234 2198 1363 2245 oausam

217 2289 358 2352 nostram
381 2284 421 2351 ab
444 2284 530 2350 omui
554 2283 714 2349 calumnia
736 2288 863 2349 uestrae
887 2284 1082 2350 causationis
1106 2283 1255 2350 absoluit.
1284 2284 1364 2350 diois

218 2392 302 2457 enim
330 2395 362 2456 te
394 2389 700 2475 superordinatum
731 2390 888 2456 factorum
920 2391 1020 2473 patris
1048 2390 1096 2457 tui
1127 2390 1264 2456 iudicem
1292 2409 1363 2456 esse

217 2517 279 2564 non
305 2514 413 2582 posse,
446 2496 502 2563 sed
533 2496 566 2562 in
594 2516 643 2575 eo,
676 2495 760 2580 quod
788 2515 807 2561 a
833 2496 993 2581 prioribus
1015 2497 1082 2562 tuis
1105 2496 1273 2582 acceperis,
1295 2516 1364 2581 per·

172 2633 199 2672 so
217 2622 355 2670 manere.
379 2620 434 2668 our
451 2621 525 2687 ergo
548 2620 611 2668 non
633 2602 742 2687 potius
765 2602 799 2666 in
817 2602 963 2682 eeclesia,
987 2622 1082 2690 uriam
1107 2603 1263 2686 scriptura
1280 2606 1364 2668 teste

218 2681 422 2793 insipientem
437 2709 478 2774 ab
497 2708 700 2775 Hierusalem
718 2725 755 2774 ao
777 2726 834 2793 per
852 2728 962 2775 omnes
986 2713 1097 2795 gentes
1120 2709 1364 2775 fructificantem

218 2819 312 2900 atque
336 2819 529 2882 crescentem
556 2815 725 2881 adomino
750 2814 877 2882 Christo
904 2835 961 2899 per
987 2816 1149 2899 apostolos
1173 2815 1364 2899 accepimus,

217 2940 438 3005 permanemus
466 2899 499 2986 et
526 2921 564 2988 de
596 2921 690 2988 iactis
718 2922 825 2987 neseio
854 2923 988 3006 quorum
1015 2925 1152 3007 patrum,
1185 2927 1265 3005 qu'ae
1293 2927 1364 2987 aute

217 3047 316 3113 paene
335 3032 464 3094 uentum
483 3046 581 3094 annos
600 3015 742 3094 admissa
760 3026 918 3107 dieantur,
936 3047 998 3094 uon
1016 3029 1215 3094 indicamur?
1234 3029 1262 3093 si
1280 3028 1365 3092 enim

172 3162 199 3203 ss
217 3138 254 3199 tu
286 3135 325 3200 de
356 3136 446 3217 patre
476 3137 533 3202 tuo
566 3133 668 3199 adhue
700 3134 731 3200 in
768 3133 828 3200 bae
864 3135 934 3200 uita
965 3135 1140 3201 constituto
1172 3153 1233 3200 nou
1266 3132 1364 3199 audes

217 3241 365 3319 iudicare,
385 3260 479 3324 quem
490 3244 582 3325 potes
598 3240 800 3325 interrogare,
819 3241 900 3308 mihi
915 3259 1011 3324 qnare
1026 3240 1152 3318 dieitur,
1171 3243 1209 3306 ut
1226 3240 1365 3305 indicem

219 3347 257 3412 de
288 3351 414 3414 mortuo
448 3346 544 3432 longe
580 3350 664 3427 ante,
701 3366 795 3429 quam
833 3351 929 3414 natus
965 3351 1058 3412 sum?
1094 3349 1145 3413 tot
1177 3345 1365 3413 Christianis

219 3454 369 3537 gentibus
396 3472 493 3538 quare
520 3453 645 3532 dieitur,
675 3456 711 3517 ut
737 3452 882 3519 iudicent
910 3452 949 3518 de
976 3453 1070 3518 iactis
1093 3453 1241 3518 Afrorum
1268 3449 1365 3517 tradi·

218 3565 323 3625 trmm
350 3564 423 3625 ante
445 3562 495 3626 tot
522 3578 620 3626 anuos
649 3571 856 3637 mortuorum,
886 3579 966 3643 quos
993 3578 1051 3625 neo
1079 3559 1174 3625 uiuos
1205 3561 1253 3624 tot
1276 3556 1364 3624 Chri·

306 3801 408 3864 9-10;
429 3801 534 3858 18-20
553 3802 586 3857 cf.
605 3819 631 3873 p.
651 3803 713 3866 612,
734 3796 803 3857 122
859 3804 891 3858 21
912 3803 976 3857 Luc.
995 3803 1040 3872 24,
1057 3802 1107 3866 473
1127 3802 1187 3856 Aet.
1208 3800 1267 3864 1‚8

253 3926 312 3981 3si
330 3926 648 3996 autem—rebaptizastis
667 3943 717 3981 om.
743 3925 799 3981 VU
814 3924 874 3981 edd.
959 3926 989 3981 ll
1009 3929 1038 3980 te
1057 3917 1156 3981 onaP
1236 3925 1269 3979 14
1288 3923 1365 3977 nulla

218 4013 690 4086 codd.1er(odieetoooniectura
708 4016 789 4080 male)
870 4017 903 4071 ul
925 4015 1071 4086 incipiente
1090 4013 1119 4069 P
1206 4016 1289 4083 abque
1313 4011 1367 4067 VU

217 4103 278 4160 edd.
350 4104 386 4159 24
404 4103 503 4158 amisse
522 4104 549 4157 P
619 4106 684 4175 non]
704 4103 784 4158 ruodo
809 4103 864 4160 VU
880 4103 940 4159 edd.
1013 4101 1163 4158 iudicamus
1180 4117 1195 4156 a
1212 4099 1365 4156 iudieamor

219 4191 369 4247 addideris
386 4208 473 4262 margi.
491 4195 650 4247 consternere
668 4192 818 4247 iudicamus
832 4210 860 4263 p
914 4194 948 4247 27
968 4194 1022 4260 tot}
1042 4207 1091 4246 nec
1115 4189 1169 4244 w
1177 4190 1234 4244 lar
1251 4187 1365 4255 (addita

218 4283 249 4333 io
267 4297 351 4351 morp.
372 4281 530 4336 enemim
549 4285 588 4346 et)
607 4285 672 4336 etus
726 4281 762 4335 ‘28
779 4280 869 4336 iudice
890 4281 917 4334 P
