3309 4867
338 419 404 482 510
699 418 727 469 S.
754 415 894 470 Aureli
920 404 1140 487 Aug'uatini

339 608 370 674 io
395 627 514 690 eorum,
544 610 599 693 qui
626 609 713 676 intus
737 614 822 685 sunt,
851 627 994 675 sermone
1019 611 1072 675 uei
1095 608 1223 694 seriptis
1240 660 1420 678 ........
1438 632 1502 696 pu·

339 717 560 809 tantosquelid
574 716 621 782 sd·
632 717 789 783 fraternae
801 715 943 781 mutetis
962 715 1140 782 libertatem
1160 716 1316 802 pertinere
1334 717 1499 807 iudicium

339 826 484 889 nostrum
507 843 568 890 nou
591 825 790 891 occultamus
816 827 849 888 et
874 822 936 888 hoo
958 840 1020 890 nou
1046 823 1263 890 beniuolentia
1288 823 1346 890 sed
1368 824 1501 890 inuidia

338 929 442 995 faeere
469 929 637 1008 credimur,
665 932 818 1014 qnantum
847 928 1052 1012 peccatoria
1080 932 1152 997 nos!
1182 933 1215 996 et
1242 949 1314 996 oum
1342 930 1500 997 similiter

339 1052 405 1112 sos,
428 1036 484 1119 qui
507 1040 632 1103 nosnos
656 1036 830 1103 sententias
854 1035 1097 1119 reprehendunt,
1120 1035 1245 1102 laedere
1271 1037 1380 1121 potius
1402 1038 1499 1103 uelle
1528 1060 1541 1102 r

340 1161 435 1224 quum
473 1144 628 1229 corrigere
669 1143 879 1227 suspicamur,
896 1160 904 1164 ·
922 1148 1075 1229 quantum
1117 1161 1287 1227 peccamus
1323 1144 1354 1208 iu
1392 1145 1495 1211 alios!
1613 1150 1614 1159 ’

339 1254 423 1315 oerte
458 1249 534 1317 hino
565 1250 704 1317 existunt
739 1249 926 1316 inimicitiae
967 1251 1154 1334 plerumque
1196 1249 1295 1316 stiam
1324 1251 1406 1317 inter
1442 1270 1498 1317 ca·

338 1356 480 1422 tissimus
520 1356 848 1439 familiarissimasque
883 1374 1045 1440 personas,
1082 1356 1169 1436 dum,
1211 1375 1332 1441 supra
1372 1375 1496 1441 qnam

340 1462 538 1546 seriptum
573 1467 645 1543 est,
678 1482 781 1529 uuus
814 1481 884 1546 pro
916 1463 1048 1529 altero
1080 1463 1257 1533 inflatur
1289 1463 1495 1530 aduersus

340 1568 523 1649 alterum,
552 1575 595 1647 et,
623 1569 699 1636 dum
722 1569 868 1636 mordent
892 1572 923 1635 et
946 1554 1286 1647 consttutionem,
1309 1569 1495 1636 timendum
1513 1594 1537 1634 n

339 1681 399 1757 est,
430 1696 471 1743 ne
504 1681 730 1743 consumantur
761 1675 800 1741 ab
831 1675 981 1742 inuicem.
1015 1666 1112 1763 quia,
1140 1694 1215 1763 ergo
1244 1676 1358 1743 dabit
1387 1676 1493 1742 mihi
1614 1710 1615 1777 q

338 1801 487 1867 pennus
516 1783 628 1848 siout
651 1782 874 1860 columbae,
903 1788 942 1848 et
969 1782 1117 1849 uolatu
1141 1787 1180 1850 et
1206 1784 1492 1868 requiescam?
1614 1798 1615 1811 ³

338 1890 409 1955 siue
431 1890 516 1956 euim
540 1890 615 1974 quia
636 1890 789 1975 periculo,
812 1889 982 1975 inquibus
1002 1890 1138 1975 quisque
1161 1894 1317 1968 uersatur,
1340 1889 1493 1976 gramoru

339 1998 415 2061 snut
445 2016 541 2081 quoru
577 1997 738 2080 inexperta
770 1997 841 2063 siue
874 1998 949 2081 quia
978 2015 1012 2062 re
1045 2016 1121 2062 uera
1151 1996 1198 2063 ita
1229 1999 1289 2075 est,
1326 1995 1492 2079 quaelibet

338 2103 585 2184 pusillanimitas
599 2107 837 2188 tempestasque
852 2101 968 2169 deserti
982 2102 1089 2169 minus
1108 2102 1187 2168 mihi
1205 2103 1334 2170 uidetur
1351 2102 1491 2168 molesta
1509 2128 1533 2168 n

339 2226 433 2291 quam
456 2228 503 2286 ea,
528 2229 608 2295 quas
631 2212 685 2276 uel
706 2210 848 2294 patimur
870 2209 922 2275 uel
946 2209 1097 2275 timemus
1120 2209 1152 2275 in
1176 2209 1288 2275 turbis.

294 2308 314 2370 5
382 2315 518 2381 Proinde
546 2318 683 2382 multum
712 2316 851 2399 adprobo
879 2315 1066 2381 sententiam
1094 2318 1184 2382 tunm
1211 2316 1249 2403 de
1276 2315 1372 2387 huius
1397 2316 1487 2381 uitae

339 2423 424 2487 stetu
443 2439 514 2487 esse
538 2423 701 2507 agendum
716 2423 769 2487 uel
792 2421 899 2505 potius
923 2439 1019 2486 ourau
1043 2438 1137 2505 quam
1161 2424 1258 2489 statu.
1282 2421 1364 2489 addo
1387 2420 1487 2499 aliud,

339 2527 414 2611 quio
435 2528 523 2612 prius
550 2529 611 2594 hoo
634 2527 857 2611 requirendum
881 2527 977 2612 atquo
1005 2527 1177 2594 tenendum
1200 2532 1251 2594 est
1273 2548 1368 2612 quana
1395 2528 1489 2605 ilud,

338 2635 430 2718 quale
453 2634 598 2700 murrum
617 2634 669 2712 sit,
693 2653 756 2718 quo
778 2634 842 2699 iste
863 2633 926 2710 tert
944 2652 1067 2700 numus.
1090 2634 1164 2700 iude
1187 2654 1262 2721 ergo
1285 2635 1489 2720 interrogaui,
1506 2659 1532 2700 m
1615 2688 1616 2693 ,

339 2739 416 2823 quid
438 2741 569 2820 sentias,
598 2730 751 2825 quaai'de
779 2740 876 2806 huius
898 2741 985 2808 uitae
1007 2748 1093 2807 recta
1115 2722 1228 2827 regulo
1248 2744 1371 2807 retenta
1392 2746 1490 2824 atque

338 2849 465 2912 seruata
491 2848 554 2912 iarn
583 2846 818 2925 seourissinrus‚
847 2865 921 2912 oum
944 2846 976 2911 in
998 2850 1065 2913 taur
1092 2846 1204 2914 multis
1230 2846 1427 2930 maximeque
1455 2848 1488 2913 in

338 2952 400 3032 his,
429 2972 509 3037 ques
540 2953 691 3032 breuiter,
722 2954 761 3017 ut
792 2953 894 3036 potui,
927 2953 1183 3032 commemoraui,
1216 2953 1488 3037 periculosissimo

337 3058 479 3125 laborare
516 3078 567 3126 mo
604 3059 750 3125 santiam.
788 3059 845 3124 sod
876 3059 951 3142 quia
985 3058 1089 3124 omnia
1126 3059 1205 3126 haee
1240 3056 1418 3146 ignorantia
1455 3064 1489 3125 et

338 3164 510 3232 difficultas
533 3167 607 3233 hino
630 3166 710 3231 mihi
728 3165 858 3231 uidetur
876 3165 1019 3244 existere,
1043 3164 1127 3249 quod
1149 3165 1181 3230 in
1200 3185 1317 3251 magua
1333 3166 1488 3232 onustato
1504 3192 1528 3233 u
1578 3162 1586 3179 x

338 3290 462 3338 morum
491 3278 524 3339 ot
551 3274 727 3340 animorum
754 3277 788 3337 et
815 3271 897 3337 iuter
919 3271 1154 3338 occultissimas
1180 3273 1364 3339 uoluntates
1392 3277 1488 3357 atque

336 3378 537 3446 infirmitates
565 3379 730 3446 hominum
756 3397 823 3444 rem
840 3378 967 3463 ‚populi
994 3368 1134 3465 gerimus
1161 3389 1223 3445 non
1250 3380 1366 3445 terreni
1392 3382 1487 3462 atque

337 3478 471 3551 Romani
498 3486 554 3552 sed
576 3484 858 3571 Hierosolymitaui
886 3485 1043 3565 caelestis,
1071 3487 1174 3571 magis
1197 3506 1249 3552 me
1275 3486 1372 3583 libuit
1397 3487 1487 3569 loqui

263 3612 266 3623 ·
338 3596 444 3658 tecum
476 3612 512 3659 er
544 3593 612 3689 illo,
647 3593 733 3678 quod
766 3593 895 3672 erimus,
933 3612 1028 3677 quom
1061 3613 1097 3658 ex
1128 3594 1203 3671 isto,
1241 3591 1326 3677 qu'od
1358 3612 1512 3670 sumum⁴

422 3832 444 3891 ‘e
463 3837 477 3892 1
496 3835 558 3892 cor.
575 3838 638 3901 eo
694 3838 727 3892 ro
747 3794 812 3891 oar
828 3839 855 3905 s,
874 3839 907 3892 15
963 3838 994 3892 ιι
1014 3836 1060 3891 es.
1080 3838 1123 3901 54,
1143 3838 1159 3891 r

375 3959 541 4014 llueunum
557 3960 719 4031 229222222ιί
786 3960 959 4015 desedimus
977 3960 1006 4015 P
1013 3977 1039 4013 m
1057 3959 1165 4033 (Μέρη
1183 3959 1328 4027 credimur)
1396 3959 1485 4028 unic,

338 4064 406 4102 corr.
424 4059 486 4106 221
505 4050 568 4105 hinc
587 4049 615 4103 P
681 4050 870 4105 9iufletan
938 4051 968 4104 ll
990 4052 1210 4104 consummantur
1227 4050 1255 4104 P
1316 4050 1351 4105 20
1369 4048 1440 4105 unda
1459 4050 1488 4105 P

338 4137 370 4192 sr
396 4137 430 4192 aa
453 4154 505 4193 ona
530 4138 586 4193 ru
606 4138 665 4194 eso.
757 4138 1081 4195 senseresensere
1096 4138 1156 4193 eoo.
1246 4139 1281 4195 22
1302 4123 1370 4209 quse
1388 4154 1440 4195 ms
1457 4139 1486 4194 1³

337 4228 373 4284 26
392 4228 541 4282 auimsruru
565 4228 620 4284 VU
636 4228 696 4283 edd.
806 4234 835 4282 et
857 4228 928 4283 inter
950 4244 1002 4283 ons.
1028 4226 1083 4281 VU
1102 4226 1162 4283 edd.
1271 4228 1485 4291 torrentissimus

339 4317 460 4381 (2-31.
480 4317 512 4369 in
525 4317 609 4372 initio
622 4335 653 4387 p.
673 4317 902 4383 2222222221)
949 4316 1153 4388 libaminum]
1173 4316 1332 4372 habentium
1352 4315 1406 4372 Vt]
1422 4315 1483 4371 ead.
