3309 4867
253 399 319 464 230
347 400 351 408 '
464 425 467 432 «
614 394 641 450 S.
669 394 809 450 Aureli
834 389 1054 464 Augustini

253 609 315 656 uon
340 589 466 656 deficiat
489 592 523 654 et
543 589 576 654 iu
603 574 907 655 bo'uasoneeientia
936 588 1098 654 sustine
1130 588 1330 655 domiuum
1360 581 1403 653 st

253 696 443 762 uiriliter
475 715 547 782 age
580 699 620 762 et
640 695 911 765 ›eoniortetur
938 713 1007 761 eor
1032 699 1145 762 tuum
1168 698 1212 761 et
1238 692 1400 762 sustine

254 798 478 873 domiuuma'-
529 843 533 848 =
863 833 865 836 ·

207 900 230 963 2
298 908 505 974 Manifestum
529 911 580 974 est
601 906 741 991 quidem,
765 906 861 989 quod,
879 906 909 973 si
930 906 970 972 ed
992 909 1051 974 uos
1073 907 1199 976 uenim
1224 902 1400 974 uenerabili

255 1015 403 1099 episcopo
436 1010 568 1109 Aurelio
604 1032 666 1079 nou
703 1011 952 1093 communicetis,
989 1031 1048 1080 nee
1084 1012 1167 1096 epnd
1198 1031 1257 1082 nos
1287 1028 1400 1097 posses
1432 1025 1450 1066 ι

254 1115 503 1196 oommunieare'z
536 1119 592 1185 sed
624 1138 662 1184 ea
693 1119 825 1186 saumte
856 1137 914 1185 nos
944 1117 1133 1198 tenuemus,
1159 1121 1285 1206 quaet
1307 1118 1400 1188 illum

253 1227 357 1291 faeere
370 1245 446 1291 -non
475 1225 668 1292 dubitamus.
700 1242 770 1298 neo:
785 1223 858 1290 ideo
884 1226 990 1290 tamen
1013 1237 1171 1296 onerosus
1185 1259 1187 1264 ·
1200 1219 1293 1292 nobis
1315 1225 1402 1296 esset

254 1332 412 1397 aduentus
442 1333 530 1424 tuus,
563 1331 638 1414 quia
668 1333 703 1395 st
729 1332 765 1396 'te
797 1334 925 1416 oportet
955 1349 1055 1415 aequo
1083 1331 1187 1398 animo
1213 1332 1317 1400 iuuere
1343 1348 1400 1417 pro

255 1436 412 1503 eeclesiae·
445 1436 625 1522 disciplina
649 1436 835 1518 praesertim
873 1434 965 1511 selue
1000 1435 1202 1518 conscientia,
1237 1456 1334 1521 quam
1363 1437 1401 1500 tu

253 1544 340 1624 nosti
363 1548 397 1610 et
418 1544 508 1611 dens.
541 1543 747 1634 nequeenim
772 1545 805 1608 el
826 1542 893 1622 ills,
916 1542 944 1609 si
968 1561 1097 1610 oausam
1119 1546 1208 1610 tuam
1231 1541 1401 1610 discutien·
1419 1557 1448 1599 ιο

254 1649 333 1714 dam'
348 1645 495 1730 distulit·
512 1649 679 1715 >odio=tno
707 1647 844 1724 loaisa
866 1668 927 1714 non
949 1643 1196 1722 nscessitatibus
1209 1650 1299 1728 suis,
1321 1665 1400 1738 quas

253 1760 293 1820 tu
321 1756 350 1821 si
377 1756 423 1821 ita
444 1767 573 1834 «nosses,
589 1772 690 1839 quem
714 1752 754 1820 ad
778 1755 909 1820 modum
932 1757 1022 1820 tuam
1045 1755 1221 1834 nostiusa
1244 1754 1400 1840 miniteris

254 1882 312 1927 nec
335 1863 577 1954 contristareris.
601 1859 804 1946 quodetiam
829 1862 867 1947 de
889 1861 1008 1927 nostris
1031 1862 1169 1945 petimus
1189 1861 1310 1941 aradus,
1328 1861 1403 1945 qnia

254 1957 406 2033 ‘similitei
425 1987 479 2033 eas
507 1980 569 2035 nou
596 1971 821 2052 poseanossa.
855 1970 930 2033 sunt
957 1970 1064 2033 autem
1091 1967 1228 2034 maiores
1255 1967 1348 2033 uobis
1370 1956 1420 2032 et'

253 2075 443 2150 auctoritate
476 2074 635 2159 dignionss
668 2077 699 2139 st
730 2073 801 2139 loeo
833 2074 1004 2139 uioiuiores
1042 2074 1192 2161 episcopi,
1229 2093 1285 2159 peu
1321 2078 1401 2157 quos
1420 2086 1448 2130 u

254 2181 381 2246 facilius
409 2180 543 2264 possitis
572 2180 612 2244 ad
639 2195 747 2245 curam
770 2183 912 2246 uestram
935 2179 1129 2262 pertinentes
1153 2180 1307 2248 ecelesiae
1329 2197 1401 2246 eau-

255 2308 308 2353 sas
336 2287 457 2370 exequi.
490 2305 548 2352 nee
576 2303 635 2370 ego
658 2289 766 2351 tamen
788 2286 876 2351 taoui
889 2285 983 2382 'apud
1005 2286 1217 2374 uenerabilem
1242 2290 1274 2354 et
1297 2285 1403 2360 debita

256 2396 335 2460 mihi
361 2413 417 2477 pro
446 2392 666 2466 siusmeritis
695 2392 935 2460 honorificentia
958 2391 1195 2474 suscipiendum
1218 2391 1348 2468 fratrem
1370 2395 1403 2456 et

256 2503 413 2583 collegam
444 2499 569 2568 meum'
585 2517 691 2565 seuam
722 2491 889 2564 Aurelium
920 2497 1158 2564 tribulationem
1194 2502 1334 2570 noemam
1371 2501 1403 2564 et

256 2606 486 2690 querimoniam
499 2606 678 2670 litterarum
692 2609 883 2686 uestrarum*
903 2603 959 2671 sed
978 2623 1034 2688 per
1051 2605 1229 2689 exemplum
1248 2605 1449 2690 epistulas·¹0

256 2721 330 2780 tuae
352 2712 564 2784 innocentiam
586 2714 675 2777 tuam
700 2711 729 2776 ei
751 2711 888 2794 poliente
912 2711 1031 2805 cursui.
1054 2711 1307 2804 litterusautem
1329 2715 1403 2777 tuse

257 2822 310 2886 uel
343 2820 443 2904 pridie
473 2818 527 2884 uel
560 2821 632 2894 ants
663 2817 797 2883 biduum
828 2816 943 2884 natalis
976 2818 1103 2882 domini.
1127 2813 1255 2902 accepi·
1279 2816 1402 2902 quando

258 2931 349 2992 illum
377 2924 611 3016 insinuastia‘d
633 2923 801 3009 ecelesiam
823 2923 1074 2989 Bedesilitauam
1096 2929 1278 2999 uenturum,
1302 2943 1320 2989 a
1342 2939 1405 3006 qua

256 3034 380 3100 timetis
417 3033 467 3097 dei
502 3030 629 3115 plebem
665 3030 846 3096 conturbari
883 3034 977 3113 atque
1009 3030 1178 3113 oomompi.
1214 3032 1430 3115 quapropter·

258 3160 313 3223 per
334 3140 457 3210 litteras
475 3136 603 3223 quidem
621 3137 751 3220 adloqui
769 3132 895 3220 plebem
913 3139 1055 3200 osanam
1073 3154 1135 3201 uon
1153 3123 1270 3212 audem
1293 3133 1403 3201 reseri-
1420 3146 1449 3188 ¹⁶

259 3248 332 3313 bere
356 3229 464 3310 autem
486 3243 544 3323 eis,
569 3243 624 3325 qui
638 3241 933 3318 mihi'ssribsreut,
956 3258 1100 3324 possem3
1114 3243 1209 3308 'ultro
1233 3245 1340 3307 antem
1363 3239 1404 3305 ad
1509 3305 1519 3318 ,

258 3352 382 3435 plebem
401 3350 558 3428 'seribere
573 3333 668 3433 *quae
696 3347 925 3433 dispensationi
952 3365 1042 3413 meae
1065 3348 1236 3413 eommis‘sa
1258 3367 1318 3413 nou
1344 3349 1403 3424 est,

258 3457 341 3522 unde
363 3459 512 3539 possem?
647 3535 648 3538 Ἴ
815 3522 816 3526 ,
1033 3531 1037 3539 ,

215 3574 235 3635 3
305 3564 423 3630 Verum
449 3565 568 3639 temen,
596 3560 680 3645 quod
703 3562 770 3646 libi
794 3561 851 3626 uni
873 3562 955 3640 diso,
978 3561 1033 3644 qui
1057 3561 1135 3626 mibi
1158 3560 1326 3647 scripsisti,
1348 3582 1405 3646 per

259 3677 291 3733 to
323 3670 429 3752 ipsum
461 3667 627 3752 perueniat
658 3667 696 3732 ad
725 3687 791 3747 eos,
819 3665 936 3750 duibus
964 3686 1044 3751 opus
1073 3671 1134 3734 sst—
1149 3667 1222 3734 dioi.
1255 3687 1315 3752 uos
1341 3667 1449 3753 ipsiu

351 3895 363 3947 1
384 3894 429 3950 Pe.
449 3894 492 3957 26,
513 3895 546 3947 14

300 4018 329 4070 11
351 4021 398 4069 tuo
418 4032 468 4069 om.
489 4015 520 4068 H
539 4016 579 4068 tui
599 4014 659 4069 edd.
714 4015 778 4076 tuis,
798 4030 859 4068 corr
885 4020 945 4069 mil
963 4013 1066 4091 suisR
1121 4016 1316 4080 lamberetis,
1335 4010 1402 4070 sors.

261 4104 472 4158 nominatoria
490 4104 519 4159 R
589 4105 620 4158 13
640 4104 738 4162 uestris
762 4102 818 4157 VU
887 4103 920 4157 16
939 4106 1060 4159 nostrem
1083 4102 1138 4171 VU
1198 4104 1360 4173 pertinentis
1377 4120 1404 4159 su

264 4196 293 4245 li
314 4193 387 4246 tacui
406 4193 446 4262 (ta
462 4193 494 4245 in
511 4209 585 4258 ras.;
602 4192 691 4258 fuitne
709 4189 828 4257 doum
920 4191 952 4246 19
969 4205 1058 4247 msam
1075 4189 1113 4248 H
1210 4196 1330 4247 nostram
1352 4186 1407 4247 VU

262 4265 297 4334 ‘is
316 4285 379 4340 tuas
397 4295 447 4335 oms
472 4280 528 4335 VU
