3309 4867
351 324 465 397 508'¹
710 329 737 383 S.
767 330 906 384 Aureli
933 327 1153 399 Augustini

350 542 411 590 non
435 523 474 588 nb
497 522 691 601 homiuibus,
719 542 821 607 neque
845 524 929 589 enim
952 524 1122 608 qnisquam
1150 523 1315 589 hominum
1343 523 1444 591 sentit
1470 522 1498 587 in

351 630 413 695 alio
440 629 538 694 talem
566 629 683 695 mentis
711 630 917 714 agnitionem,
950 628 1008 709 scd
1035 628 1067 694 in
1094 629 1233 713 quodam
1259 630 1345 695 intus
1375 629 1500 695 silentio

268 804 274 817 ,
350 732 455 802 nescio
479 734 564 803 unde
582 736 752 803 clamatur:
777 736 888 821 ‘Euge
913 736 1020 821 eugoi’
1041 737 1172 820 propter
1193 735 1253 802 hoc
1277 754 1378 821 genus
1401 739 1501 820 temp·

350 842 481 908 tationis
499 842 538 908 ab
563 844 675 929 angelo
695 842 928 925 colaphizatum
952 860 988 908 se
1010 845 1120 907 tantus
1139 842 1304 927 apostolus
1323 840 1500 908 confitetur.

350 968 423 1016 ecce
455 947 538 1014 unde
576 950 656 1016 uit-a
690 950 851 1015 humana
883 967 997 1032 snper
1027 952 1166 1014 terram
1198 953 1268 1015 tota
1297 950 1536 1034 tempestiue

351 1059 420 1131 est,
453 1055 578 1141 qnando
615 1060 649 1123 et
674 1055 720 1122 ibi
747 1056 844 1147 homo
879 1058 1065 1141 temptatur,
1098 1054 1164 1133 ubi,
1196 1057 1359 1139 quantum>
1382 1057 1499 1140 potest,

350 1162 438 1227 uitas
460 1161 608 1228 caelestis
632 1161 837 1228 similitudini
860 1162 1035 1246 conputas.

229 1296 242 1313 ι
306 1267 327 1339 3
397 1265 479 1347 Quid
518 1268 621 1335 dicam
659 1268 698 1335 de
736 1267 925 1335 uindicando
961 1268 1014 1335 uel
1050 1285 1112 1333 non
1144 1266 1343 1345 uindicando,
1374 1268 1500 1351 quando

352 1377 479 1459 quidem
507 1377 568 1443 hoc
594 1378 698 1445 totum
726 1376 765 1442 ad
791 1395 902 1443 eorum
931 1375 1069 1441 salutem
1096 1375 1247 1458 prolicere
1274 1377 1437 1454 uolumus,
1470 1376 1500 1440 in

351 1502 431 1568 quos
467 1483 692 1550 uindicandum
728 1482 783 1550 nel
819 1501 881 1549 nou
917 1481 1144 1548 uindicandum
1183 1501 1254 1548 csse
1290 1481 1499 1547 arbitramur?
1516 1500 1537 1539 ιο

232 1644 234 1647 .
351 1590 423 1674 quis
446 1589 544 1655 etiam
566 1590 611 1656 sit
633 1588 813 1657 uindicandi
836 1587 951 1654 modus
974 1606 1035 1654 nou
1060 1587 1165 1653 solum
1191 1606 1248 1671 pro
1271 1587 1427 1670 qualitate
1449 1587 1500 1653 uel

351 1696 529 1780 quantitate
565 1695 732 1778 culparum
765 1713 879 1760 uerum
916 1694 1012 1759 etiam
1053 1711 1109 1778 pro
1149 1694 1339 1777 quibusdam
1374 1694 1499 1760 uiribus

350 1803 537 1880 animorum,
562 1802 638 1886 quid
662 1802 797 1887 quiaque
820 1801 961 1878 suffemt,
988 1799 1066 1883 quid
1087 1803 1225 1878 recuset,
1248 1820 1287 1866 ne
1309 1820 1370 1867 non
1393 1803 1498 1866 solnm

241 1976 243 1979 ,
349 1928 409 1975 non
427 1908 574 1993 proficiat
590 1907 757 1974 sedetiam
773 1908 909 1987 deficiat,
929 1925 1024 1991 quam
1043 1905 1235 1991 protundum
1254 1911 1288 1973 et
1303 1906 1499 1973 latebrosum

350 2018 413 2081 est!
453 2014 678 2099 inpendentem
718 2033 846 2098 quoque
887 2013 1062 2079 uindictam
1104 2015 1294 2092 metuentes,
1336 2032 1417 2097 qnae
1459 2013 1496 2078 ab
1514 2030 1535 2070 a

348 2121 532 2187 hominibus
555 2122 721 2201 metuitur,
744 2121 852 2187 nescio
875 2123 984 2186 utrum
1007 2120 1116 2203 plnres
1140 2121 1275 2187 correcti
1298 2124 1383 2199 aunt,
1402 2138 1498 2203 quam
1548 2134 1552 2139 ·

349 2229 380 2291 in
401 2228 540 2293 deterius
564 2227 720 2294 abierunt.
743 2227 832 2310 quid,
855 2247 928 2293 cnm
952 2244 1047 2311 saepe
1065 2226 1192 2305 accidit,
1216 2232 1263 2304 ut,
1287 2227 1314 2294 si
1338 2227 1368 2292 in
1389 2246 1499 2311 quem.

350 2354 443 2418 quam
471 2334 697 2412 uindicaueris,
728 2334 798 2418 ipse
827 2337 944 2417 pereat,
978 2334 1006 2400 si
1040 2332 1178 2398 inultum
1209 2333 1386 2418 reliqueris,
1418 2333 1498 2398 alter

348 2443 477 2525 pereat?
509 2459 570 2525 ego
603 2441 635 2505 in
668 2440 719 2505 hin
751 2439 870 2506 cotidie
901 2457 1032 2523 peccare
1064 2458 1116 2504 me
1148 2440 1251 2505 faleor
1281 2442 1314 2505 et
1338 2436 1498 2524 ignorare,

350 2545 474 2630 quando
499 2566 604 2631 quoue
631 2546 725 2612 modo
750 2545 929 2612 custodiam
955 2546 999 2625 id,
1028 2545 1113 2628 quod
1141 2546 1296 2631 scriptum
1324 2550 1385 2613 est:
1408 2545 1498 2611 Pec·
1513 2570 1536 2609 a

351 2657 492 2719 cantes
525 2673 657 2719 coram
685 2653 874 2744 omnibus
906 2670 1040 2737 argue,
1072 2655 1117 2718 ut
1149 2654 1280 2719 ceteri
1311 2654 1496 2719 timorem

350 2759 531 2840 habeant,
565 2762 598 2824 et
625 2757 710 2841 quod
738 2758 893 2842 scriptum
921 2760 985 2823 est:
1015 2755 1182 2842 Corripe
1210 2774 1296 2824 aum
1323 2760 1432 2826 inter
1458 2765 1497 2824 te

349 2867 388 2930 et
418 2864 551 2947 ipsum
584 2865 725 2942 solum,
763 2863 796 2929 et
828 2862 913 2946 quod
945 2863 1102 2949 sumptum
1134 2869 1199 2931 est:
1231 2862 1373 2932 Nolite
1393 2870 1496 2957 ante

348 2977 506 3053 tempus
546 2989 783 3054 quemqnam
820 2968 1016 3046 iudicare,
1053 2974 1087 3035 et
1118 2970 1204 3053 quod
1240 2970 1394 3054 comptum
1431 2976 1495 3037 est:

349 3076 487 3142 Nolite
515 3076 713 3149 iudicare,
741 3081 887 3142 utnon
915 3075 1170 3155 indicemini,
1202 3096 1304 3160 neque
1332 3078 1415 3144 enim
1444 3079 1536 3145 hicn

347 3181 469 3248 addidit
496 3188 599 3248 ‘ante
622 3185 804 3265 tempus',
833 3187 867 3247 ct
890 3182 975 3265 quod
1003 3183 1159 3265 scriptum
1183 3187 1246 3251 est:
1274 3183 1330 3250 'lu
1353 3186 1420 3268 qui
1443 3202 1494 3255 es,

347 3289 609 3372 qni·indices
653 3289 831 3355 alienum
868 3291 1052 3355 seruum?
1094 3308 1165 3355 suo
1208 3289 1366 3356 domino
1411 3294 1496 3355 stat

271 3426 273 3429 ·
347 3399 416 3460 aut
452 3396 578 3473 cadit3
617 3396 749 3463 stabit
785 3400 934 3473 antem;
971 3398 1119 3479 potens
1157 3399 1221 3461 est
1258 3397 1359 3463 enim
1396 3396 1494 3463 dena

433 3636 497 3691 411
516 3637 576 3693 eor.
597 3640 674 3701 nan
726 3625 873 3703 sionni
925 3637 1173 3702 acanonmo
1222 3638 1375 3697 canaan.
1396 3639 1437 3703 na.
1458 3641 1492 3694 15

345 3725 561 3791 aemonae
616 3729 651 3783 25
669 3728 769 3784 matth.
790 3729 814 3793 7,
836 3730 864 3793 l;
884 3727 949 3783 an.
968 3729 994 3792 6,
1014 3728 1048 3782 37
1103 3729 1139 3784 26
1157 3728 1234 3784 Rom.
1256 3730 1334 3793 14,4

380 3867 536 3924 dhocom.
556 3867 583 3922 P
651 3870 684 3925 10
703 3872 752 3924 aut
775 3867 907 3926 VUedd.
978 3868 1096 3939 liquid
1117 3870 1188 3940 cnm]
1209 3869 1330 3932 cumiin
1348 3866 1493 3927 rosceda

346 3957 451 4025 ampla)
476 3955 579 4011 chm
598 3957 655 4011 lar
726 3956 835 4012 accidat
857 3955 913 4011 VU
928 3956 988 4011 edd.
1070 3957 1106 4012 18
1122 3958 1283 4028 relinqueris
1301 3958 1329 4013 P
1398 3957 1433 4014 20
1450 3958 1492 4029 id]

345 4051 373 4100 ct
392 4044 446 4099 l'U
477 4047 528 4101 ’24
548 4062 710 4115 quemquem
729 4062 782 4103 om.
801 4044 857 4101 VU
872 4045 933 4102 edd.
951 4062 1001 4102 asc.
1022 4044 1101 4116 Vulq.
1123 4046 1186 4113 (Gr.
1199 4052 1234 4115 ac)
1254 4054 1361 4118 queque
1375 4047 1495 4115 (sicil‘P
1620 4042 1621 4057 ¹

380 4140 408 4187 et
427 4133 655 4203 qnod-indicare
675 4151 726 4192 om.
750 4134 805 4190 VU
821 4134 882 4190 cdd.
951 4137 986 4192 26
1006 4135 1053 4206 qui
1072 4152 1110 4197 ea,
1128 4139 1196 4190 Μ
1214 4137 1275 4206 qnia
1294 4151 1323 4190 ea
1340 4135 1369 4193 P
1385 4136 1446 4207 quis
1464 4151 1494 4189 aa

349 4222 404 4276 l'U
419 4223 479 4277 edd.
498 4240 549 4279 acc.
574 4222 651 4291 Volo.
707 4225 741 4277 27
761 4223 873 4286 iudicas,
893 4227 958 4277 Μ
976 4239 1045 4279 corr.
1064 4223 1123 4278 uid.
1144 4223 1248 4279 iudicas
1266 4225 1293 4278 P
1311 4225 1412 4280 iudicas
1431 4222 1493 4279 aad.
