3309 4867
633 415 900 484 epistularum
927 416 1026 473 xclll.
1332 423 1399 486 483
1474 404 1479 413 ,

249 608 458 675 mendacibus
481 609 583 674 tuisse
602 609 783 677 confictum.
806 614 1012 695 nequeenim
1035 615 1081 679 sic
1104 615 1211 698 potuit
1233 615 1399 700 integntas

111 730 118 739 ·
249 719 347 800 atque
378 715 493 782 notitia
526 715 706 781 litterarum
738 718 835 784 unius
867 720 1044 801 quamlibet
1080 722 1225 786 inlustris
1256 723 1400 806 episcopi

127 814 132 819 ”
250 822 416 902 custodiri,
443 841 538 907 quem
561 823 603 887 ad
623 823 753 889 modurn
781 826 941 909 scriptura
966 828 1118 893 canonica
1143 830 1194 892 tot
1218 828 1399 913 linguarum

248 930 367 995 litteris
399 932 434 994 et
465 929 571 996 ordine
603 948 640 995 ac
679 916 882 998 successione
912 933 1134 998 celebrationis
1166 935 1399 1001 ecclesiasticae

214 1055 230 1096 e
250 1035 441 1114 custoditur,
456 1039 672 1119 contraquam
688 1040 792 1102 umen
806 1057 867 1103 non
882 1037 1051 1104 doluerunt
1071 1040 1127 1123 qui
1145 1039 1206 1105 snb
1220 1041 1399 1107 nominibus

250 1143 469 1225 apostolorum
498 1143 600 1209 multa
627 1142 841 1228 confingerent
867 1143 986 1210 trustra
1013 1145 1152 1227 quidem,
1177 1147 1256 1230 quia
1272 1146 1330 1212 illa
1352 1148 1421 1213 sies

251 1249 481 1327 commendata,
508 1249 556 1315 sic
583 1247 752 1326 celebrata,
781 1250 827 1314 sic
856 1253 932 1316 now
959 1254 1023 1328 est;
1052 1270 1164 1317 uerum
1193 1253 1269 1336 quid
1296 1251 1399 1337 possit

250 1356 405 1421 maerens
428 1356 552 1422 litteras
570 1374 632 1421 uon
652 1355 800 1421 canoniea
818 1358 1008 1422 auctoritato
1026 1357 1186 1438 fundatas,
1211 1358 1307 1424 etiarn
1325 1359 1398 1425 hinc

250 1462 483 1533 demonstrauit
521 1462 637 1544 impiae
674 1464 806 1525 conatus
844 1461 1004 1539 andaciae,
1046 1463 1131 1547 quod
1158 1468 1205 1557 {et
1245 1464 1399 1530 aduersus

202 1590 230 1626 ιο
251 1587 316 1645 eas,
344 1587 426 1652 quas
449 1571 539 1635 muta
560 1567 692 1634 notitiae
714 1568 799 1639 mole
822 1569 963 1634 firmatae
986 1573 1073 1647 sunt,
1100 1584 1172 1636 sese
1196 1570 1314 1656 erigere
1337 1590 1398 1636 uon

251 1676 473 1761 praetermisit
807 1762 809 1764 v

142 1776 199 1842 39
295 1782 362 1849 Nos
377 1786 484 1848 tarum
499 1781 580 1847 duas
596 1779 637 1847 ob
651 1799 702 1846 res
716 1799 777 1845 non
788 1800 942 1866 negamus
952 1781 1034 1869 illud
1042 1783 1183 1848 sensisse
1192 1781 1398 1867 (lyprisuum,

252 1890 337 1973 quod
369 1891 402 1954 et
433 1887 527 1954 stilus
560 1888 629 1955 eius
662 1887 758 1953 habet
788 1888 946 1972 quandam
978 1888 1137 1973 propriam
1173 1888 1303 1970 faciem,
1336 1909 1399 1973 qua

250 1996 355 2078 possit
386 1993 524 2079 agnosci,
558 1996 590 2058 et
613 1991 699 2076 quod
729 1992 775 2057 ibi
807 1992 911 2078 magis
941 1995 1049 2057 contra
1075 2012 1135 2059 uos
1161 2010 1260 2059 causa
1290 1997 1399 2059 nostra

202 2116 232 2161 nr
252 2101 488 2167 demonstratur
517 2099 668 2165 inuicticr
698 2104 888 2184 uestraeque
925 2099 1134 2183 separationis
1169 2100 1397 2184 praesumptio,

251 2206 406 2273 uidelicet
440 2227 477 2274 ne
519 2206 757 2272 macularemini
798 2204 937 2289 peccatis
975 2204 1098 2283 alienis,
1135 2205 1205 2271 tota
1243 2204 1398 2270 facilitate

251 2314 459 2393 subuertitur,
496 2332 570 2379 cum
602 2317 733 2396 apparet
763 2313 794 2377 in
832 2311 948 2377 litteris
980 2310 1129 2396 Cypriani
1166 2311 1399 2377 communicata

251 2441 322 2487 esse
358 2440 432 2487 curn
469 2421 692 2504 peccatoribus
728 2421 934 2497 sacramenta,
974 2435 1047 2484 cum
1085 2417 1217 2483 admissi
1253 2420 1329 2483 sunt
1362 2418 1395 2494 in

250 2529 431 2605 ecclesiam,
470 2527 526 2611 qui
563 2525 738 2593 secundum
774 2528 916 2590 uestram
953 2527 995 2603 st,
1037 2525 1123 2590 sicut
1159 2523 1271 2601 uultis,
1307 2523 1396 2588 illins

200 2658 232 2699 ao
250 2634 440 2700 seutentiam
461 2633 658 2718 baptismum
682 2650 742 2698 nou
765 2631 935 2707 habebant,
959 2635 992 2696 et
1013 2633 1120 2696 tameu
1143 2629 1311 2695 ecclesiam
1335 2648 1396 2695 nou

250 2741 382 2823 perisse,
410 2740 523 2806 sedin
547 2740 597 2804 sui
625 2740 750 2824 generis
773 2738 929 2823 dignitate
951 2756 1007 2821 per
1028 2740 1133 2802 totum
1157 2735 1264 2801 orbem
1287 2753 1397 2820 sparsa
1486 2822 1491 2839 ,

251 2847 407 2913 dominica
453 2846 611 2912 frumenta
651 2845 817 2913 mansisse.
863 2864 901 2911 ac
945 2863 1001 2928 per
1046 2842 1106 2910 hoc
1148 2842 1178 2907 ai
1221 2842 1398 2926 perturbati

249 2956 413 3038 nmquam
445 2954 484 3020 ad
517 2952 655 3036 aliquem
687 2955 814 3036 portum
848 2951 895 3016 sic
926 2949 967 3015 ad
998 2948 1222 3015 auctoritatem
1249 2947 1396 3032 Cypriani

251 3060 436 3155 confugitis,
459 3059 588 3136 uidetis,
612 3076 707 3142 quem
729 3057 797 3124 illic
819 3057 988 3141 scopulum
1011 3058 1118 3120 uestm
1141 3074 1227 3120 error
1244 3053 1395 3121 offendat:

202 3190 231 3234 aa
251 3168 278 3232 si
303 3167 496 3233 antemium
520 3186 578 3232 nec
601 3167 679 3232 illuc
699 3164 869 3249 confugere
888 3162 1023 3239 audetis,
1048 3162 1116 3226 sins
1135 3161 1202 3226 ullo
1225 3161 1397 3226 lucmmiue

250 3273 455 3359 naufragatis.

145 3376 201 3441 40
294 3379 391 3446 Porro
419 3384 527 3446 auum
550 3379 725 3464 Cyprianus
753 3382 809 3443 ant
831 3396 892 3442 uon
914 3374 1022 3441 *sensit
1045 3373 1182 3452 omnino,
1211 3372 1295 3456 qnod
1322 3392 1395 3437 curn

287 3691 441 3763 liutegras
460 3693 487 3747 A
535 3690 750 3761 aepiscopi-P
795 3688 980 3759 31itguarum
999 3687 1050 3753 (sic
1059 3690 1081 3750 1)
1095 3685 1128 3739 N
1174 3685 1249 3755 lael
1267 3688 1350 3755 atque
1364 3684 1398 3738 N
1406 3644 1410 3649 -

250 3786 279 3836 et
300 3781 521 3851 conprecare
610 3779 853 3847 tcoulriugereut
877 3781 934 3847 (pr.
959 3792 973 3830 r
995 3778 1066 3845 exp.)
1090 3775 1129 3829 Μ
1216 3774 1395 3828 inoletai,

285 3873 359 3941 qun!
371 3871 459 3940 possit
476 3882 503 3924 A
582 3870 600 3923 8
619 3869 749 3923 canonica
767 3867 932 3923 auctoritate
950 3881 1004 3920 uon
1022 3865 1052 3921 R
1130 3865 1148 3917 9
1165 3863 1264 3936 impiae
1283 3868 1395 3918 conatus

248 3959 378 4015 audaciae
397 3958 596 4014 demonstrauit
612 3958 640 4014 R
696 3959 730 4011 10
747 3960 823 4011 tauto
844 3955 979 4010 Gtautae
996 3952 1031 4008 N
1046 3956 1124 4008 tauto
1138 3952 1166 4008 R
1220 3955 1285 4006 suut
1301 3968 1354 4008 oon.
1368 3954 1394 4005 A

249 4048 284 4103 14
300 4054 395 4102 nostra
413 4064 496 4107 causa
513 4047 573 4101 edd.
667 4046 700 4101 16
719 4046 789 4115 tota]
809 4045 909 4116 quibus
927 4046 989 4098 tota
1010 4043 1060 4096 GP
1076 4046 1153 4109 (aad
1170 4042 1223 4096 del.
1242 4039 1351 4111 quibus)
1371 4041 1395 4093 1,

250 4136 284 4191 18
303 4152 361 4191 asse
379 4152 431 4191 osa.
451 4135 546 4192 MAN
615 4135 718 4195 amimi,
737 4138 800 4188 aa]
818 4133 929 4188 admissi
949 4127 987 4185 Μ
1055 4132 1084 4185 in
1104 4129 1244 4186 aecclal’
1295 4129 1331 4184 20
1350 4144 1393 4181 ec-

248 4223 333 4279 clesia
349 4224 430 4280 Aca
511 4226 546 4280 22
565 4226 600 4294 si]
618 4225 658 4278 sic
676 4223 728 4277 PL
811 4223 847 4277 24
865 4219 979 4276 offendit
996 4219 1093 4274 MAN
1175 4220 1210 4273 25
1231 4232 1279 4273 use
1297 4223 1392 4271 orrea

285 4312 429 4369 luctamine
448 4316 473 4368 A
528 4315 563 4369 26
582 4312 771 4382 naufrangatis
789 4317 871 4381 (post.
892 4328 909 4364 n
929 4309 991 4369 dell
1011 4308 1042 4363 Ν

1309 4411 1354 4464 31·

1445 1713 1456 1751 t
