3309 4867
587 399 852 469 epistularum
880 400 1026 459 LXXXIII.
1307 406 1373 471 389

227 594 330 660 luisse
369 598 401 659 et
432 593 533 672 uides,
566 608 650 677 quae
677 595 832 679 peruIcIes
865 599 1087 679 consequatur.
1125 602 1159 663 et
1192 598 1257 665 illis
1290 598 1373 687 enim
1482 657 1485 660 ,

229 700 411 767 uidebimur
442 700 579 767 alienam
610 720 676 766 rem
708 701 872 768 dimidiam
898 692 1012 768 tulisse
1041 707 1074 769 et
1099 703 1147 769 illi
1170 704 1265 770 nobis
1288 705 1375 771 uide·

232 808 350 873 buntru
377 807 544 900 Inhoneste
568 811 601 871 et
619 807 735 891 vinique
762 827 797 873 se
820 826 932 892 passos
955 810 1066 885 fuisse,
1090 815 1128 876 ut-
1150 811 1377 889 adiuuarentur

157 912 161 916 ’
231 914 270 980 de
292 913 435 991 dimidio,
459 913 543 997 qnod
565 917 669 980 totum
692 933 867 998 pauperum
890 915 1004 982 fuerat.
1035 936 1107 992 nam
1136 918 1221 1002 quod
1252 906 1375 985 dixisti:

194 1043 212 1078 ε»
242 1019 425 1088 Cauendum
457 1022 516 1094 est,
552 1037 602 1097 ne,
640 1037 713 1084 cum
735 1016 816 1084 'reru
853 1020 981 1086 dubiam
1018 1023 1178 1089 emendari
1215 1024 1375 1101 uolumus,

231 1126 352 1195 maiora
374 1124 505 1208 uulnera
527 1124 704 1203 faciamus,
726 1126 914 1192 tantundem¹
934 1128 1065 1207 amobit,
1088 1129 1117 1195 si
1140 1131 1186 1197 eis
1209 1131 1376 1198 dimidium

229 1231 431 1298 concedatur.
454 1232 583 1316 propter
604 1232 710 1316 ipsum
734 1232 852 1317 quippe
876 1232 1042 1300 dimidIum
1065 1234 1124 1314 illi,
1148 1256 1282 1321 quorum
1304 1256 1376 1305 con·

231 1338 375 1405 nersioni
405 1339 570 1404 consulere
593 1339 755 1417 nolumus,
778 1342 816 1404 ut
847 1341 909 1406 hoc
940 1342 1081 1425 exemplo
1119 1362 1229 1409 secum
1253 1346 1376 1436 agutur,

230 1463 335 1511 rerum
360 1462 488 1510 snorum
511 1444 725 1510 uenditIonem
748 1464 804 1528 per
826 1465 932 1513 moras
959 1447 1032 1513 illas
1060 1449 1272 1514 excusatorias
1300 1449 1377 1516 dila·

57 1595 60 1600 -
181 1573 213 1611 ro
230 1551 294 1618 turi
327 1552 410 1617 suut.
445 1550 556 1616 deinde
588 1551 713 1626 mirum,
747 1551 775 1616 si
808 1550 847 1615 do
879 1570 912 1617 re
946 1551 1042 1618 dubia
1069 1555 1119 1624 est
1145 1554 1245 1619 totius
1272 1555 1376 1638 plebis

231 1663 297 1724 tam
322 1657 440 1743 grande
461 1656 658 1735 scandalum,
682 1677 755 1722 cnm
779 1658 947 1743 episcopos
971 1674 1057 1733 snos,
1082 1679 1163 1743 quos
1186 1680 1241 1745 pro
1259 1679 1376 1747 magno

233 1764 358 1841 hahent,
396 1762 524 1829 sordida
564 1764 698 1829 auaritia
738 1765 919 1830 maculatos
955 1770 1079 1848 putant,
1122 1765 1197 1831 diuo
1237 1768 1377 1853 maligna

231 1870 353 1954 species
374 1866 438 1936 non
466 1870 607 1936 nitatur?
965 1867 967 1869 ’

122 1974 151 2036 3
275 1976 357 2043 Nam
389 1995 461 2042 oum
494 1977 629 2060 quisque
662 1976 701 2042 ad
729 1977 957 2067 monesterium
986 1979 1191 2056 conuertitur,
1220 1979 1248 2045 si
1271 1980 1378 2046 ueraci

186 2102 213 2141 u
233 2082 325 2149 corde
349 2083 554 2161 conuertitur,
577 2082 658 2149 illud
686 2102 747 2149 non
771 2083 895 2169 cogitat
917 2085 1051 2149 manime
1070 2083 1261 2161 admonitus,
1280 2091 1377 2169 puran-

232 2195 301 2254 tum
323 2188 443 2253 malum
467 2189 519 2254 sit.
551 2188 579 2253 si
603 2192 711 2254 autem
734 2188 828 2254 fallax
857 2192 906 2254 est
934 2193 967 2254 et
998 2208 1070 2254 sua
1101 2190 1274 2273 quaerit,
1302 2208 1376 2257 non

234 2312 331 2377 quae
359 2295 451 2359 lesu
481 2292 650 2372 Christi,
678 2296 859 2385 nonhabet
888 2274 1009 2378 ntiquo‘
1024 2295 1187 2362 caritatem
1216 2299 1249 2362 st
1281 2295 1377 2379 quid
1497 2335 1499 2339 -

231 2401 266 2464 ei
298 2400 476 2483 prodest,
505 2401 539 2465 si
566 2383 837 2467 distribuerit
864 2401 996 2467 omnia
1023 2420 1095 2467 sua
1127 2402 1377 2487 pauperibus

233 2510 271 2571 et
301 2504 526 2572 tradiderit
557 2496 705 2591 corpus
738 2527 863 2583 snum,
893 2510 937 2572 ut
963 2508 1127 2574 ardeat?
1155 2509 1217 2574 huo
1245 2507 1379 2587 accedit,

185 2636 213 2674 ao
233 2611 306 2694 qnia
332 2611 424 2687 illud,
452 2611 537 2691 sicut
562 2614 626 2678 iam
655 2612 812 2678 conlocuti
836 2632 959 2691 sumus,
983 2614 1131 2699 deinceps
1154 2614 1249 2679 uitari
1271 2617 1380 2698 potest

232 2721 264 2783 et
282 2718 348 2803 'agi
380 2737 453 2783 cum
486 2738 533 2797 eo,
566 2720 621 2803 qui
655 2720 860 2796 conuertitur,
894 2715 921 2785 si
954 2739 1015 2786 non
1047 2724 1156 2804 potest
1187 2720 1311 2787 admitti
1339 2720 1379 2786 ad

174 2886 179 2893 ,
232 2824 420 2925 societatem
445 2824 589 2903 instrum,
617 2830 784 2908 antequam
815 2845 849 2891 se
878 2826 1039 2892 omnibus
1054 2827 1120 2893 inis
1143 2827 1379 2912 impedimentis

233 2931 352 2996 exnerit
375 2934 407 2996 et
431 2950 466 2997 ex
489 2931 553 2996 otio
576 2930 735 3009 tondatur,
759 2951 833 2997 cnm
856 2933 926 3013 eius
949 2952 1000 2998 ros
1023 2933 1087 2999 iam
1108 2942 1182 2999 asse
1210 2933 1379 3011 destiterit.

231 3037 319 3103 haec
331 3040 438 3103 autem
460 3056 555 3103 mors·
569 3037 766 3103 infirmorum
786 3042 818 3104 et
836 3042 962 3103 tantum
980 3039 1244 3123 impedimentum
1263 3039 1378 3107 salutis

181 3160 213 3207 aa
232 3157 351 3220 eornm,
387 3162 445 3225 pro
478 3143 595 3227 quibus
627 3146 790 3228 tantopere
821 3132 1014 3223 laboramus,
1047 3148 1085 3210 ut
1116 3154 1170 3211 eo's
1204 3144 1379 3211 catholicae
1435 3206 1438 3211 .

230 3249 299 3333 paci
334 3251 503 3328 lucremur,
535 3249 627 3340 aliter
658 3250 753 3315 uitari
785 3270 846 3317 non
880 3254 996 3334 potest,
1024 3250 1086 3317 nisi
1114 3254 1153 3316 ut
1179 3250 1379 3335 apertissime

229 3356 418 3442 intellegant
446 3356 535 3423 nullo
568 3356 663 3422 modo
696 3375 753 3422 nos
786 3356 825 3422 de
857 3357 992 3441 pecunia
1024 3362 1167 3441 satagere
1198 3356 1230 3421 in
1259 3356 1378 3421 talibus

320 3617 354 3673 16
371 3617 444 3672 Phil.
462 3618 489 3681 2,
508 3619 540 3672 21
599 3618 631 3671 17
650 3617 664 3671 Ι
683 3614 744 3673 Cor.
765 3618 807 3683 13,
826 3620 843 3673 3

266 3758 283 3814 2
300 3759 426 3814 retulisse
445 3762 483 3824 (rs
502 3760 566 3827 del.)
585 3759 613 3816 R
690 3758 857 3814 uidebuntur
875 3758 953 3840 nobis
972 3758 1032 3814 cdd.
1123 3757 1140 3813 8
1159 3756 1335 3813 adinuaretnr
1357 3756 1382 3810 T

229 3850 315 3903 onec
333 3847 359 3901 V
376 3851 402 3917 (c
419 3847 547 3916 eros.)U
617 3840 739 3903 dobisaui
758 3853 783 3916 (t
800 3848 909 3915 arcani)
924 3847 952 3904 R
1023 3847 1160 3902 noluimus
1178 3845 1381 3917 Vsreroa.)U

230 3936 377 4007 anippe]
397 3936 467 3990 sulm
486 3934 520 3991 H
590 3938 788 3992 conuersationi
806 3937 842 3991 ·T·
889 3936 1065 3992 Boonsulere
1084 3951 1136 3990 οιιι.
1155 3934 1216 3990 edd.
1231 3939 1380 4004 praeterae

199 4086 202 4093 ⁸
265 4029 297 4079 nt
313 4026 346 4079 ιἰι
364 4041 419 4081 roe.
438 4029 498 4079 mn
517 4025 623 4095 (Μιω
641 4025 731 4094 noui)
749 4024 777 4080 R
864 4024 1014 4096 exemplum
1037 4023 1092 4081 TU
1179 4021 1334 4083 tdelaturi
1356 4018 1384 4075 U

232 4113 265 4167 10
284 4111 317 4166 de
336 4112 387 4167 hac
406 4128 434 4167 re
457 4113 483 4167 Τ
548 4114 581 4169 13
600 4117 723 4168 mutatur
745 4112 800 4168 VU
872 4115 905 4168 16
923 4129 978 4168 non
997 4112 1077 4182 qnae]
1098 4115 1127 4165 et
1144 4128 1198 4165 non
1218 4125 1286 4179 quas
1310 4108 1389 4185 Vota

230 4216 299 4271 qnae
317 4217 380 4263 non,
399 4201 485 4271 aiprss'o
503 4217 571 4257 corr.
592 4206 620 4257 et
638 4219 691 4256 non
711 4218 780 4272 quae
804 4199 831 4254 U
916 4193 953 4256 22
971 4190 1024 4255 inu
1042 4200 1070 4256 R
1155 4201 1189 4255 23
1208 4200 1263 4256 iam
1281 4196 1382 4256 oms

228 4290 264 4344 25
281 4288 477 4345 liberamusU
591 4290 605 4361 t
