3309 4867
612 408 877 480 epistularum
906 407 984 465 CXX.
1305 410 1369 478 707

221 599 386 679 rationem,
418 601 648 667 rationabiliter
678 602 803 668 iussum
832 606 891 669 est.
923 622 997 670 nem
1025 604 1056 670 si
1080 604 1141 670 boc
1167 610 1372 689 praeceptum

222 707 410 773 rationabile
440 728 501 774 non
535 712 594 789 est,
627 727 702 793 ergo
731 707 956 776 ⁴inrationabile
988 712 1051 786 eet3
1085 710 1179 779 absit.
1212 711 1240 780 ai
1272 709 1373 797 im’lnr

222 813 482 892 rationabilem,
499 817 538 881 ut
556 834 703 901 magnam
720 815 889 899 quandam,
909 817 1076 901 quuebapi
1094 816 1234 885 noudum
1251 820 1371 902 potest,

189 925 191 928 ’
222 920 301 986 fides
324 921 490 987 antecedat
514 921 680 1001 rationem,
707 922 819 1007 procul
842 922 938 996 dubio
961 917 1252 1008 quantulacumque
1279 924 1371 1003 mdo,
1489 1018 1491 1022 .

191 1045 286 1111 aqua
308 1027 369 1093 hoo
391 1028 572 1112 persuadet,
595 1028 692 1094 etiam
714 1027 786 1112 ipsa
808 1027 969 1095 antecedit
982 1027 1096 1095 iidem.
1226 1115 1231 1120 „

267 1133 439 1216 Propterea
474 1137 582 1200 monet
618 1135 784 1217 apostolus
820 1137 949 1218 paratos
985 1153 1044 1201 uus
1076 1146 1147 1208 aste
1180 1133 1293 1202 debere
1331 1135 1371 1207 ad

221 1240 460 1324 responsionem
478 1239 564 1307 omni
581 1241 727 1323 poscenti
744 1259 802 1306 nos
820 1240 975 1307 rationem
989 1240 1028 1306 de
1045 1240 1115 1317 fide,
1127 1245 1161 1308 et
1178 1261 1234 1327 spe
1253 1244 1372 1320 noatna

223 1346 383 1428 quoniam,
407 1350 434 1412 si
458 1366 481 1411 a
498 1335 550 1413 me
572 1345 709 1412 infidelis
731 1346 887 1411 rationem
909 1345 1016 1429 poscit
1036 1345 1111 1412 fidei
1135 1350 1169 1413 ot
1190 1348 1259 1433 spei
1281 1353 1371 1415 mede

223 1455 256 1516 et
284 1451 391 1530 uideo,
421 1452 506 1537 quod
532 1456 615 1532 ante,
644 1471 739 1536 quam
767 1452 885 1530 eredat,
914 1465 1024 1538 capere
1050 1472 1113 1519 non
1140 1456 1256 1538 potest,
1289 1454 1370 1520 hanc

179 1584 205 1623 ro
222 1558 323 1642 ipsam
343 1559 374 1623 ei
395 1558 491 1624 reddo
515 1559 679 1633 rationem,
702 1557 733 1623 in
754 1577 827 1642 qua,
852 1559 880 1624 si
899 1557 970 1644 'fieri
992 1563 1109 1642 potest,
1134 1559 1251 1657 uideat,
1275 1578 1382 1644 quarn.

222 1668 425 1749 praepostere
457 1668 528 1730 ante
560 1664 656 1730 fidem
686 1667 799 1748 poscat
824 1665 978 1730 rationem
1006 1683 1113 1731 earum
1141 1684 1257 1746 rernm,
1289 1684 1369 1748 quas

222 1789 333 1854 capere
356 1790 418 1837 non
445 1775 565 1855 potest3
595 1771 623 1837 si
646 1774 753 1836 autem
776 1771 841 1836 iam
864 1769 968 1836 fidelis
990 1770 1145 1837 rationem
1171 1775 1294 1855 poscat,
1321 1774 1369 1852 nt,
1450 1817 1454 1824 -

222 1876 306 1958 qnod
330 1877 440 1956 credit,
467 1877 642 1962 intellegat,
666 1877 825 1961 capacitas
850 1876 919 1941 eiua
941 1876 1094 1943 intuenda
1117 1881 1176 1957 est,
1199 1880 1237 1943 ut
1260 1896 1371 1945 seeun-

222 1982 298 2048 dum
326 2002 396 2049 eam
423 1984 544 2049 radone
570 1983 694 2050 reddita
721 1988 828 2048 sumat
853 1981 929 2048 fidei
961 2001 1047 2061 suae,
1076 1986 1226 2066 quautam
1252 1985 1370 2068 potest,
1399 2017 1405 2036 ·

179 2114 202 2153 rs
220 2088 479 2190 intellegentiam,
512 2090 674 2168 maiorem,
705 2089 735 2155 si
765 2088 840 2173 plus
868 2088 963 2173 capit,
995 2088 1159 2168 minorem,
1191 2089 1220 2155 si
1251 2089 1369 2168 minua,

222 2194 298 2260 dum
321 2200 438 2275 tamen,
467 2215 634 2280 quousque
662 2198 702 2261 ad
728 2195 960 2280 plenitudinem
983 2183 1176 2280 adgnitionis
1201 2195 1369 2281 perfectio·

221 2320 356 2386 nemque
378 2303 554 2385 perueniat,
578 2302 616 2368 ab
639 2302 752 2368 itinere
774 2301 849 2368 fidei
867 2321 930 2384 non
946 2301 1083 2369 recedat.
1107 2301 1182 2368 diuo
1201 2306 1261 2379 est,
1284 2299 1369 2386 quod

222 2406 300 2473 dioit
328 2411 508 2492 apostolus:
537 2409 647 2474 Etsi
675 2408 771 2492 qnid
799 2407 925 2474 aliter
952 2408 1118 2494 sopitis,
1144 2407 1185 2473 id
1208 2426 1367 2493 quoque

221 2513 341 2579 uobis
365 2514 461 2580 deus
484 2515 706 2590 renelabitr
730 2534 870 2581 uerum
893 2519 1025 2580 tamen
1046 2515 1085 2585 in
1105 2512 1209 2599 quod
1231 2527 1368 2597 perue-

176 2644 203 2686 ao
221 2620 364 2699 nimus,
388 2622 427 2686 in
450 2641 493 2687 eo
517 2621 780 2687 ambulemus.
809 2622 874 2686 iam
897 2640 972 2706 ergo
996 2620 1024 2685 ei
1046 2621 1156 2687 fideles
1180 2637 1303 2700 sumus,
1328 2619 1368 2686 ad

220 2725 293 2791 fidei
310 2727 397 2792 uiam
420 2729 654 2812 perueniemne,
678 2745 773 2811 quam
797 2729 825 2793 si
848 2745 910 2801 non
929 2727 1155 2805 dimiserimus,
1178 2744 1239 2793 non
1262 2727 1367 2793 solum

221 2832 261 2896 ud
286 2837 409 2899 tantam
435 2834 686 2919 intellegentiam
713 2853 818 2899 rerum
850 2834 1104 2918 incorporearum
1130 2836 1164 2899 et
1193 2833 1367 2901 incommu-

219 2940 377 3017 tabilium,
412 2944 530 3024 quante
560 2941 592 3005 in
625 2940 780 3006 bannita
807 2940 878 3022 capi
910 2957 974 3005 non
1000 2939 1038 3005 ab
1069 2939 1216 3005 omnibus
1247 2942 1367 3023 potest,

220 3064 331 3109 uerum
369 3046 465 3112 etiam
502 3046 540 3111 ad
578 3047 795 3112 summitatem
830 3044 1119 3128 contemplationis,
1156 3064 1252 3128 quam
1279 3043 1367 3109 dicit

174 3177 201 3218 eo
220 3154 384 3234 apostolus
409 3152 514 3228 faeie
538 3151 583 3219 ad
606 3153 763 3231 faciem,
788 3153 856 3218 sine
875 3152 1069 3221 dubitatione
1092 3152 1269 3218 ueniamus.
1292 3167 1366 3215 nam

308 3375 449 3433 leetr.
469 3378 494 3440 3,
515 3379 547 3431 15
604 3377 636 3431 18
655 3369 726 3432 Phil.
747 3376 771 3442 3,
792 3377 898 3433 15-16
952 3375 1099 3432 dulcor.
1119 3376 1162 3440 la,
1182 3373 1216 3430 12

255 3500 388 3564 lineum,
406 3502 470 3554 nn2
488 3501 590 3554 iussum
609 3499 636 3553 B
656 3500 743 3554 uisum
762 3498 784 3554 0
804 3498 866 3559 edu.
973 3495 1306 3566 2nonona.,ne.1udd.
1329 3495 1364 3550 Τ1

90 3574 98 3583 ’
219 3590 235 3644 3
254 3605 353 3657 magna
371 3588 505 3659 quandam
524 3589 552 3642 Β
569 3605 669 3659 magna
687 3587 819 3658 quaedam
836 3586 954 3644 ΟΡΤΤ1
972 3586 1032 3642 edd.
1046 3592 1196 3657 praetant
1213 3584 1248 3640 ad
1265 3600 1366 3656 magna

219 3674 350 3746 quaedem
365 3694 404 3743 rm·
421 3677 519 3745 arripui
532 3693 658 3746 magnum
673 3675 820 3745 quendanr;
840 3677 876 3745 cs.
891 3693 922 3746 p.
935 3671 1054 3741 706,Βό
1073 3689 1188 3743 magnae
1206 3672 1322 3728 rationis
1340 3676 1366 3727 et

212 3782 243 3835 μ
257 3769 351 3832 707,4
366 3765 612 3836 quantulacumque
625 3766 696 3820 ratio
750 3768 865 3835 possunt
878 3764 938 3820 edd.
974 3760 1226 3833 ipraecedatedd.
1263 3761 1364 3830 bq'nae

217 3856 277 3910 cdd.
332 3857 348 3909 6
367 3859 469 3921 mouet,
482 3870 552 3910 corr.
568 3853 772 3911 rrr.1monetT
859 3851 1009 3924 apostolus]
1028 3850 1169 3928 apostulus
1185 3850 1284 3905 Patrue
1302 3849 1363 3903 edd.

218 3944 250 3998 ll
266 3959 449 4013 praeposuere,
459 3960 494 3999 m.
504 3947 525 3996 2
537 3947 710 4015 praepostere
719 3943 746 3997 Β
801 3945 865 3997 ante
879 3958 929 3998 om.
943 3940 1057 3998 om*
1097 3940 1130 3995 18
1143 3937 1290 3995 seeundum
1304 3953 1365 3992 eam

103 4101 105 4110 .
215 4033 349 4086 rationem
367 4031 501 4086 redditum
520 4032 547 4085 P
564 4032 709 4086 secundum
727 4033 862 4088 rationem
879 4029 1013 4085 redditam
1030 4028 1120 4085 ΟΠ*
1137 4027 1198 4083 edet
1213 4032 1364 4097 praetem

219 4121 251 4175 18
271 4125 407 4175 ettamen
426 4120 451 4174 si
471 4120 587 4174 ΟΡΤΤΙ
605 4120 666 4175 edd.
745 4119 822 4174 scitis
843 4118 924 4174 OPT
938 4117 998 4174 edd.
1012 4123 1161 4188 praeterae
1234 4115 1268 4171 19
1286 4130 1363 4170 reue·

216 4209 286 4262 lauit
303 4208 368 4263 BT¹
390 4212 471 4264 (corr.
489 4214 549 4262 Μ
568 4209 712 4276 reuelabit)
781 4209 814 4262 sl
835 4208 1006 4278 peruenimua
1025 4205 1085 4261 edd.
1140 4206 1175 4260 28
1193 4204 1229 4260 ab
1247 4202 1363 4260 bomini-

217 4295 266 4350 bus
284 4296 313 4350 P
364 4299 398 4352 25
417 4297 497 4368 iarie]
517 4297 586 4353 facie
605 4297 706 4366 adfret
724 4296 737 4350 f
754 4301 804 4350 nat
823 4295 847 4366 a)
865 4296 893 4350 B
964 4295 1153 4367 perueniernns
1171 4292 1231 4349 edd⁴

1275 4395 1327 4452 45.

1477 801 1483 834 l
