3309 4867
350 301 415 366 660
704 297 731 351 S.
760 298 897 352 Aureli
925 297 1143 369 Augustini

348 492 513 568 eeclesiae,
538 492 589 556 eni
618 491 736 570 seruio,
764 491 918 556 tuendum
944 492 1222 575 adiuuendnmque
1245 491 1408 562 oommisit
1445 492 1496 556 (lo-

348 599 433 664 miue
452 599 659 664 dilectissime
679 601 712 663 et
732 597 924 663 uenerabilis
946 598 1014 666 olio
1036 618 1114 684 rogo
1138 599 1252 680 itaque
1271 598 1495 683 benignitatem
1584 601 1585 672 Ϊ

348 708 449 784 tuam,
483 706 630 789 quoniam
662 704 790 769 difficile
819 707 852 769 et
883 705 1068 770 incredibile
1095 709 1156 782 ost
1189 708 1226 771 ut
1256 723 1320 770 non
1351 706 1415 770 iam
1445 704 1496 768 uel

349 811 477 878 noueris
514 811 567 877 uel
599 829 694 876 nosse
726 811 843 893 possis,
879 811 912 875 iu
945 829 1009 893 qua
1040 829 1137 877 eausa
1169 811 1317 878 detentus
1350 811 1405 888 sit,
1437 810 1495 876 boo

350 918 476 983 iuterim
505 916 590 1000 apud
617 917 839 1003 oppositorem,
868 916 924 998 qui
951 937 1025 982 eum
1052 920 1151 996 tenet,
1182 917 1370 999 petitionem
1395 936 1532 982 meeme

350 1024 500 1090 adiuuare
526 1023 666 1106 digneris
696 1026 733 1087 ut
754 1023 862 1101 iaciat,
882 1023 967 1106 quod
985 1024 1185 1105 imperatorie
1202 1024 1275 1108 lege
1296 1023 1494 1108 praecipitur,

349 1137 388 1196 ut
402 1150 476 1196 eum
491 1129 576 1213 apud
593 1133 666 1195 aeta
678 1129 886 1213 municipalia
899 1129 1085 1214 interrogari
1099 1130 1204 1198 faeiat.
1224 1135 1330 1195 utrum
1346 1130 1408 1195 sibl
1420 1128 1495 1194 uelit

350 1237 418 1303 (lies
438 1236 569 1321 triginta
587 1235 729 1314 comoedi,
747 1235 864 1320 quibus
884 1240 960 1320 aget
982 1237 1041 1302 sub
1062 1236 1225 1302 moderato
1242 1236 1390 1303 custodis
1411 1237 1442 1301 in
1461 1254 1495 1301 oe
1585 1239 1586 1260 ¹

350 1342 492 1420 ciuitate,
528 1341 561 1407 in
591 1359 656 1425 qua
687 1341 834 1407 detentus
871 1347 931 1419 eet,
967 1346 1004 1408 ut
1039 1361 1099 1407 sua
1130 1343 1254 1409 ordinet
1289 1347 1494 1427 sumptusque

350 1449 527 1535 prouideot.
542 1467 676 1530 quorum
688 1448 810 1514 merum
826 1448 929 1531 spatio
940 1449 1097 1518 tuauobis
1113 1449 1274 1515 adnitente
1286 1449 1494 1515 beniuolentia
1510 1468 1529 1506 s

350 1557 380 1622 si
402 1555 472 1621 eius
495 1574 624 1620 oausam
647 1554 749 1620 amica
767 1555 996 1638 disceptatione
1019 1556 1107 1620 linire
1129 1556 1338 1640 potuerimus,
1362 1555 1495 1641 grstulu·

349 1663 470 1741 bimum
495 1661 522 1726 ei
541 1665 649 1726 autem
672 1679 732 1726 non
756 1661 964 1744 potuerimus,
988 1662 1130 1728 inueniet
1152 1682 1224 1728 eum
1244 1662 1347 1728 exitus
1370 1661 1492 1727 iudicio

350 1789 433 1846 rum,
456 1768 511 1850 qui
537 1767 694 1851 placuerit
717 1768 775 1833 deo
804 1767 979 1834 secundum
1003 1787 1117 1834 causae
1145 1768 1247 1852 ipsius
1275 1768 1424 1834 meritum
1445 1766 1493 1832 uel
1586 1823 1587 1848 ,

351 1875 471 1941 domini
494 1873 792 1956 omnipotentissimi
816 1875 1026 1939 uoluntatem.
1586 1873 1587 1888 t

873 2064 984 2130 CXIV.
1075 2099 1081 2112 ·
1507 2087 1527 2127 o

405 2203 550 2260 DOMINO
570 2202 828 2260 mtucslssnso
847 2203 946 2258 FILIO
966 2202 1199 2258 FLORENTINO
1218 2202 1444 2259 AUGUSTINFS

724 2291 765 2346 IN
784 2290 931 2346 DOMINO
951 2291 1126 2348 SALUTEM.

398 2418 497 2485 Cuius
519 2418 690 2501 potestatis
713 2417 856 2482 iussione
880 2418 1071 2483 Fauentiam
1094 2418 1248 2502 rapueris,
1273 2420 1344 2503 ipse
1367 2417 1491 2482 uideris:

351 2525 413 2591 hoo
436 2528 543 2605 autem
569 2524 648 2602 seio,
672 2524 757 2605 quod
780 2523 883 2590 omnis
912 2528 1055 2607 potestas
1082 2525 1143 2591 sub
1171 2524 1302 2607 imperio
1326 2524 1492 2590 constitute
1587 2555 1588 2616 p

351 2630 550 2714 imperatoris
577 2630 628 2695 sui
650 2630 777 2716 legibue
801 2631 911 2694 seruit
940 2630 1087 2714 quamuis
1111 2650 1185 2715 ergo
1207 2629 1271 2695 iam
1293 2649 1350 2713 per
1371 2630 1491 2695 nauem
1504 2649 1525 2690 e

352 2743 385 2803 et
411 2738 691 2822 conpresbyterum
719 2755 826 2801 meum
854 2733 1069 2802 Caelestinum
1096 2736 1237 2802 miserim
1262 2738 1378 2821 legem,
1404 2754 1490 2820 quom

352 2842 479 2928 quidem
498 2849 531 2909 et
554 2847 637 2930 aste,
661 2862 757 2925 quom
780 2843 953 2921 mitterem,
975 2844 1121 2928 ignorare
1142 2844 1254 2927 utique
1276 2862 1338 2910 non
1357 2842 1490 2924 deberes,

352 2968 416 3032 qua
438 2967 623 3014 conoessum
648 2949 777 3026 seteis,
802 2943 858 3031 qui
884 2948 1182 3032 praecipissemus
1210 2947 1317 3031 aliquo
1341 2949 1491 3031 potestate

351 3054 479 3121 iudiciis
506 3055 655 3131 exhiberi,
684 3059 721 3118 ut
748 3054 788 3119 ad
816 3059 909 3138 gesta
934 3053 1140 3140 municipslla
1166 3053 1381 3138 perdnoantur
1404 3059 1491 3136 etque

353 3160 420 3225 illio
446 3161 689 3244 interrogentur.
717 3163 825 3225 utrum
854 3160 956 3226 uelint
983 3161 1115 3244 triginta
1141 3160 1208 3226 dies
1234 3159 1267 3227 iu
1294 3178 1332 3225 eo
1358 3160 1489 3234 oiuitste,
1503 3175 1524 3218 ⁸

351 3267 408 3331 ubi
435 3270 591 3331 tenentur.
621 3283 714 3351 agere
742 3265 802 3331 sub
831 3264 994 3331 moderata
1016 3267 1163 3332 custodia
1188 3266 1228 3331 sd
1253 3267 1410 3351 pmasdos
1434 3263 1490 3331 eibi

351 3373 475 3438 lrootus
499 3374 551 3437 uel
575 3392 639 3436 rem
665 3391 766 3451 suam,
790 3371 875 3437 siout
897 3390 1027 3438 neeesse
1049 3372 1156 3450 fuerit,
1179 3371 1395 3452 ordinandam,
1417 3389 1489 3455 quse

352 3479 412 3556 lor,
436 3480 521 3544 siout
539 3479 618 3560 ufhi
637 3482 831 3544 memoratus
850 3480 1015 3562 presbyter
1032 3479 1237 3559 renuntiabit,
1259 3482 1335 3546 tuse
1352 3477 1489 3564 religiosi

387 3722 562 3793 bquoniam]
583 3739 663 3790 quam
687 3722 712 3776 T
764 3724 779 3776 7
800 3727 921 3792 utrumq;
947 3722 973 3776 l'
1025 3723 1177 3794 Otrigiote
1194 3723 1324 3792 songints
1342 3721 1491 3780 concedi?

344 3813 369 3866 ’9
389 3811 432 3881 ot]
452 3813 542 3864 utrum
564 3810 677 3864 YHRV
731 3812 764 3865 lo
783 3817 920 3865 mouente
939 3812 998 3865 edd.
1055 3813 1089 3866 14
1107 3810 1222 3882 domini]
1243 3811 1346 3867 domiui
1365 3798 1494 3882 ipsiusli

389 3900 584 3969 omnipotentis
607 3898 633 3952 Τ

442 4039 519 4092 Idem
538 4039 650 4108 bodicus,
670 4040 718 4108 qut
734 4040 766 4094 ia
784 4057 823 4109 ep.
845 4040 959 4096 CXIII.

389 4178 424 4234 20
443 4180 547 4248 queuis,
564 4181 628 4233 otilo
647 4187 786 4235 ceromate
805 4198 874 4237 corr.
895 4182 991 4250 quouis
1013 4182 1040 4238 T
1108 4166 1162 4238 iam
1181 4200 1233 4239 oo».
1252 4183 1287 4240 H
