3309 4867
255 337 322 404 568
607 337 633 392 S.
662 335 800 390 Aureli
827 336 1047 408 Augustini

255 529 367 609 ruerat,
387 530 554 607 (liceretur,
573 529 722 614 quemuis
741 530 772 595 iu
793 530 896 614 spetio
916 529 1083 615 temporali
1101 531 1269 617 longitudo
1288 551 1407 616 poenae

256 654 329 706 cnm
365 636 522 701 breuitate
558 636 707 702 facinoris
744 636 833 702 nullo
870 637 965 702 morlo
999 638 1042 702 sit
1074 632 1292 720 comparanda
1328 638 1407 721 quid

256 761 330 827 ergo
354 742 546 809 eontrarium
571 746 630 822 est,
659 743 685 810 si
711 747 804 809 erunt
831 744 950 827 pariter
975 745 1072 828 longo
1094 745 1148 809 uel
1171 744 1266 809 etiam
1290 746 1408 828 pariter

256 852 384 916 aeterm
405 849 564 934 supplicia
587 849 644 915 seu
667 849 738 916 aliis
763 851 827 915 alis
849 851 977 933 mitiore
994 851 1047 915 uel
1066 829 1196 928 corioro,
1217 854 1267 929 ut,
1291 851 1406 933 quibus

256 959 384 1039 tempus
413 956 545 1038 sequule
570 960 630 1035 est,
658 975 719 1022 non
748 957 792 1022 sit
814 957 958 1041 aequalis
986 957 1140 1040 asperitas
1168 962 1297 1042 propter
1322 977 1407 1024 rnen·
1441 980 1459 1017 e

257 1081 364 1128 sorem
391 1063 488 1129 etiam
519 1067 723 1145 peccatorum
755 1082 815 1129 non
851 1064 882 1128 iu
909 1064 1118 1146 productione
1146 1067 1323 1148 temporum
1352 1063 1408 1129 secl

256 1169 289 1234 in
312 1169 479 1235 uoluntate
503 1168 725 1253 peccantium?

203 1280 245 1345 27
301 1274 466 1342 Voluntas.
491 1276 609 1361 quippe
645 1276 716 1359 ipsa
752 1277 885 1359 punitur
917 1277 987 1342 siue
1019 1277 1118 1342 animi
1149 1276 1307 1362 supplicio
1338 1277 1408 1343 siue

258 1382 409 1466 corporis,
442 1386 489 1462 ut,
524 1401 604 1467 quae
633 1383 810 1448 delectatur
841 1384 873 1449 in
906 1383 1056 1467 peccetis,
1090 1384 1161 1468 ipsa
1191 1384 1350 1467 plectatur
1376 1383 1408 1448 iu

257 1491 368 1575 poenis
391 1493 424 1557 et
451 1494 497 1568 ut,
527 1489 582 1573 qui
608 1489 730 1555 iudicat
757 1490 825 1555 sine
848 1490 1075 1569 misericordie,
1104 1492 1173 1557 sine
1194 1491 1410 1556 misericordis
1430 1509 1461 1550 ιι

257 1597 426 1663 iudicetur.
460 1600 493 1662 et
523 1596 555 1661 in
588 1596 648 1663 hec
675 1596 794 1680 qnippe
821 1597 983 1662 sententia
1010 1597 1050 1662 ad
1076 1597 1138 1663 hoc
1164 1595 1271 1664 selum
1299 1596 1409 1664 eedem

258 1722 408 1769 mensura
430 1706 489 1780 est,
518 1706 565 1781 ut,
589 1702 675 1786 quod
696 1722 758 1768 non
781 1702 953 1788 praestitit,
976 1722 1037 1768 non
1062 1703 1091 1767 ei
1114 1705 1294 1786 praestetur
1315 1707 1411 1786 atque

258 1809 314 1888 its,
343 1808 428 1893 qnod
454 1809 525 1892 ipse
547 1808 716 1885 iudicatur,
746 1813 910 1874 aeternum
934 1808 1005 1886 erit,
1034 1810 1196 1892 quemuis,
1223 1808 1307 1892 quod
1329 1808 1410 1874 iudi·

259 1916 356 1996 cauit,
393 1917 557 1982 aeternum
591 1914 665 1980 esse
692 1916 884 1999 nequiuerit
922 1914 955 1980 in
989 1914 1100 1980 eedem
1131 1915 1233 2001 igitur
1263 1932 1409 1992 mensura

259 2020 406 2103 quamuis
424 2040 485 2100 pon
505 2025 702 2087 aeternornm
726 2023 968 2092 malefactorum
988 2027 1114 2089 aeterna
1137 2022 1297 2107 supplicis
1313 2040 1411 2087 reme·
1432 2043 1461 2082 ιι

258 2126 393 2207 tiuntur,
415 2133 463 2208 nt,
488 2130 564 2211 qnia
582 2131 740 2195 aeternam
759 2131 866 2195 uoluit
884 2129 999 2196 hebere
1018 2129 1140 2213 peccati
1159 2129 1413 2214 perfruitionem,

260 2237 417 2302 aeternam
453 2234 597 2301 inueniet
632 2234 794 2301 uindictae
838 2236 1053 2324 seueritatem.
1091 2256 1152 2302 non
1192 2240 1299 2302 suurn
1336 2236 1413 2301 sinit

260 2342 423 2425 preposite
449 2342 591 2408 breuites
620 2342 836 2426 responsionis
859 2360 959 2421 meae,
988 2347 1026 2407 ut
1053 2342 1201 2428 colligum
1228 2342 1332 2408 emnia
1358 2341 1413 2406 uel

261 2455 345 2519 certe
364 2467 458 2532 quem
482 2449 629 2535 plurima,
653 2468 733 2533 qnae
753 2449 791 2514 ds
810 2450 951 2533 peccetis
970 2453 1003 2514 et
1021 2449 1059 2515 'de
1084 2453 1285 2533 peecatorum
1304 2449 1413 2532 poenis

261 2559 362 2627 sancti
398 2556 472 2623 libri
508 2556 637 2634 habent,
674 2560 769 2640 etque
807 2575 844 2622 ex
879 2556 930 2622 his
967 2574 1064 2621 unam
1096 2574 1206 2622 eruam
1243 2557 1310 2620 sine
1346 2558 1414 2623 ulle
1432 2573 1462 2615 ro

261 2664 470 2751 ambiguitate
497 2663 697 2741 sententiam,
731 2662 759 2728 si
786 2665 893 2727 tamen
921 2661 954 2727 id
982 2662 1107 2730 ualeam
1134 2662 1259 2730 uiribus
1287 2663 1413 2738 mentis,

262 2772 357 2838 etam
395 2770 423 2837 si
457 2788 632 2855 congruum
668 2769 833 2838 nanciscar
867 2769 979 2834 otium.
1018 2787 1101 2835 nunc
1137 2773 1244 2834 tamen
1281 2768 1415 2835 arbitror

262 2878 342 2946 setis
366 2897 435 2944 esse
458 2879 673 2942 monstratum
696 2893 758 2941 nou
783 2894 860 2941 esse
879 2875 1275 2952 contrariumueternitsti
1295 2875 1416 2958 suppli-

262 2987 392 3061 ciorum,
425 2983 511 3068 quod
543 2983 576 3048 iu
605 2982 720 3049 eadem·
740 3001 892 3050 mensure
918 2981 1103 3062 redduntur,
1135 2982 1166 3048 in
1196 3001 1260 3067 quo
1285 2985 1416 3066 peccota

208 3177 211 3186 1
262 3093 436 3160 commissa
458 3096 544 3157 sunt.
1433 3103 1461 3147 ²⁶

353 3352 387 3409 ro
405 3351 460 3409 rae.
480 3352 505 3415 a,
528 3351 560 3406 rs
600 3323 605 3331 '

300 3530 412 3599 lpeus.
432 3543 502 3581 corr.
522 3525 654 3598 penseC
729 3524 988 3581 esiconem
1065 3525 1180 3584 3eriut.
1200 3526 1266 3578 ss2
1285 3526 1363 3577 erunt
1382 3521 1418 3576 M
1502 3593 1507 3604 ἱ

262 3615 347 3673 tsed
365 3616 393 3670 in
413 3615 475 3669 aliis
494 3615 525 3668 Ε
599 3614 617 3668 8
636 3609 800 3684 supplicatio
821 3618 865 3680 (ce
884 3618 965 3679 cros.)
987 3612 1013 3667 0
1090 3614 1107 3667 9
1125 3617 1158 3667 ut
1176 3611 1258 3683 quse]
1279 3615 1370 3681 utreq;
1389 3613 1417 3664 A

299 3708 326 3760 in
346 3704 476 3777 peccetis]
495 3704 523 3758 in
543 3704 674 3774 temporis
692 3703 723 3759 Ε
784 3703 816 3757 10
836 3705 915 3756 utet
935 3701 957 3756 0
975 3706 1004 3756 et
1022 3706 1085 3768 (cm.
1104 3707 1146 3770 nt)
1166 3701 1193 3756 A
1265 3700 1369 3756 iudicet
1386 3689 1417 3754 ll

265 3795 299 3850 13
317 3793 418 3866 ipesP
455 3795 487 3848 15
505 3793 687 3861 remetiuntur
705 3807 739 3845 ex
756 3789 983 3845 remitiuutnrM
1000 3787 1220 3850 remetienturE
1255 3790 1288 3843 16
1307 3787 1379 3859 quod
1394 3786 1422 3842 C

300 3882 512 3953 perfructionem
531 3880 601 3936 HM
608 3898 634 3932 ιιι
652 3865 870 3949 perfunctionem
891 3882 916 3931 A
1005 3879 1037 3931 17
1057 3876 1196 3931 uindictae
1215 3875 1337 3930 iuueruet
1356 3876 1410 3929 ede

266 3972 299 4027 18
317 3971 470 4043 propositas
489 3971 517 4023 A
625 3968 773 4022 ueritasO
863 3968 897 4021 19
916 3970 1050 4037 peccatos,
1070 3982 1103 4020 m.
1123 3970 1139 4018 1
1157 3981 1225 4018 corr.
1249 3964 1369 4034 peccatis
1389 3962 1422 4017 Η

300 4059 404 4130 poenis]
423 4059 502 4113 libris
523 4058 586 4123 (del.
606 4076 638 4112 m.
651 4060 680 4123 2)
701 4057 795 4127 poenis
814 4051 852 4110 M
913 4056 948 4110 20
966 4054 1036 4109 ullae
1051 4057 1087 4124 (ιιι
1107 4059 1188 4110 σαι.)
1209 4053 1236 4107 Ρ
1304 4054 1418 4111 tisen-

263 4149 446 4212 aree-me
465 4148 604 4202 sententis
626 4146 650 4201 G
724 4145 828 4200 uiribus
848 4146 958 4215 ruentis]
980 4144 1047 4198 totis
1066 4144 1170 4198 uiribus
1191 4141 1220 4199 Ε
1272 4143 1307 4196 22
1326 4141 1419 4195 nunci-

265 4256 327 4295 scor
345 4240 431 4293 otium
449 4238 487 4292 M
503 4253 565 4291 rrum
587 4238 641 4290 tiss
659 4235 773 4289 crottum
794 4234 826 4288 H
880 4236 915 4288 23
934 4232 1105 4288 aeternitatis
1125 4234 1150 4285 A
1206 4231 1240 4286 25
1260 4231 1316 4284 sint
1334 4231 1361 4283 A
