3309 4867
609 2 685 102 ‚js

292 316 359 382 216
620 269 673 370 ·S.
700 283 839 370 Anieli
866 314 1086 385 Augustini

291 508 469 576 Maurusio.
501 508 702 594 uigilantium
732 507 837 573 cordis
859 508 909 575 tui
931 510 1008 575 noui
1030 527 1088 574 neo
1112 529 1192 593 opus
1216 514 1276 587 est,
1300 513 1443 588 arbitror,

291 617 385 702 plura
407 614 556 692 scabere,
581 607 665 693 oum,
689 614 717 680 si
741 615 894 692 uolueris,
918 615 1070 681 facillime
1094 617 1211 700 possis,
1235 620 1269 683 et
1292 618 1367 701 quid
1390 619 1446 683 alii

293 725 405 788 carent
437 724 470 787 et
501 724 638 819 caueant
665 722 701 786 in
732 722 995 805 possessionibus
1023 723 1089 787 tuis
1117 727 1150 789 et
1177 724 1209 787 in
1232 743 1267 788 re
1290 729 1346 789 tua
1368 724 1445 807 quid

292 832 416 915 agatur,
444 826 617 896 addiscere.
649 827 682 893 in
709 846 743 892 re
771 830 828 892 tua
857 847 928 894 esse
951 829 1031 893 mibi
1054 828 1148 894 ualde
1171 829 1372 895 adfirmatum
1392 835 1446 897 est

293 934 443 1013 amicum,
474 952 550 999 eum
582 953 645 1017 qno
679 934 772 1018 cupio
805 935 1010 1012 concordare;
1043 939 1117 1018 peto
1149 927 1261 1010 faueas
1293 935 1334 1001 ad
1363 937 1445 1002 bane
1474 958 1489 997 a

292 1061 370 1114 rem,
403 1042 440 1107 at
471 1043 505 1107 et
536 1039 624 1108 inter·
649 1040 795 1108 homines
827 1060 987 1127 ariagnemx
1008 1041 1136 1107 laudem
1165 1043 1203 1107 et
1227 1042 1318 1125 apud
1350 1041 1447 1108 deam

291 1147 410 1226 habeas
446 1165 596 1233 magnam
631 1147 821 1217 mercedem.
859 1149 923 1214 iam
960 1148 1044 1214 enim
1081 1148 1160 1235 mihi
1196 1166 1253 1232 per
1289 1148 1446 1230 quendam

293 1253 409 1319 Caram
432 1253 600 1337 utriusque
623 1258 768 1321 noemam
788 1255 933 1320 medium
957 1253 1164 1332 mandauerat
1186 1271 1220 1319 ee
1240 1256 1447 1338 nescioquas

292 1360 451 1426 uiolentos
475 1379 553 1428 snos
576 1360 699 1441 timere
722 1362 913 1438 balnearet,
938 1380 1019 1445 quos
1042 1361 1073 1425 in
1092 1380 1126 1425 re
1139 1363 1202 1441 tua
1219 1364 1252 1448 et
1269 1364 1302 1426 te
1321 1362 1447 1428 fauente

291 1466 406 1531 timere
437 1486 499 1534 non
531 1465 664 1550 poterim
697 1476 757 1534 neo
786 1455 917 1556 ipsein
947 1487 983 1552 eo
1011 1467 1108 1534 debes
1132 1467 1265 1553 diligere
1288 1485 1446 1538 aon-coar
1465 1493 1491 1531 ιο

293 1573 444 1638 stantiam
482 1574 544 1660 sed
585 1574 678 1657 plane
695 1574 936 1655 “pertinaciam
977 1578 1071 1657 turpe
1108 1578 1159 1639 eet
1197 1574 1281 1638 enim
1322 1575 1446 1638 mutare

294 1678 481 1744 sententiam
507 1673 564 1746 sed
587 1696 694 1742 ineram
718 1680 751 1742 et
772 1683 906 1755 motam,-
928 1698 1002 1743 nam
1026 1678 1161 1756 stultam
1185 1682 1217 1744 et
1239 1678 1365 1744 noxiam
1383 1678 1443 1743 eti·
1556 1687 1560 1692 ’

294 1804 344 1851 am
371 1784 531 1872 landabile
561 1788 596 1848 et
618 1784 745 1853 salubre
770 1787 829 1849 est.
855 1785 941 1850 sieut
964 1789 1073 1850 autem
1092 1785 1272 1851 constantia
1288 1804 1349 1855 nen
1369 1785 1447 1850 sinit

293 1891 455 1957 bominem
480 1889 656 1974 deprecari,
680 1889 726 1964 sic
750 1890 930 1974 >pertinacia
956 1910 1020 1956 non
1047 1879 1126 1956 sinit
1151 1890 1283 1976 corrigi:
1314 1890 1446 1974 proinde

294 1995 382 2062 sieut
403 1995 459 2061 illa
481 1995 650 2074 laudanda,
672 1996 812 2071 sitista
840 1995 1036 2062 emendanda
1063 2005 1122 2062 est.
1146 1990 1322 2079 presbyter,
1350 2013 1444 2080 quem
1465 2021 1492 2062 n

292 2103 381 2181 misi,
408 2101 532 2186 reliqua
563 2106 638 2168 tuae
669 2099 856 2187 prudentiae
888 2102 1015 2186 planius
1046 2103 1217 2168 intimabit.
1254 2103 1445 2189 ineolumem

293 2209 483 2292 felicemque
516 2211 548 2274 te
581 2208 630 2273 dei
663 2208 882 2275 misericordia
912 2211 1051 2287 tueatur,
1084 2207 1447 2292 dominedileetissime

293 2314 471 2398 meritoque
493 2313 688 2384 honorabilis
713 2332 750 2380 ae
773 2314 976 2398 suscipiende
998 2315 1055 2401 fili,

813 2506 926 2573 LVIH.

294 2624 442 2683 DOMINO
460 2625 592 2682 ElessO
611 2603 814 2682 dinamio
835 2590 1077 2688 soscn’mitbe
1095 2623 1219 2693 ATQUE
1240 2607 1290 2682 INv
1302 2599 1447 2682 CHRISTI
1465 2639 1494 2680 aa

294 2714 508 2772 vlscamsus
526 2713 780 2777 albecmssfflo
799 2714 899 2770 FILIO
919 2711 1139 2770 simmacum
1157 2712 1388 2784 accusamus
1406 2713 1446 2769 m*
1515 2727 1519 2737 ’

697 2804 847 2860 DOMINO
867 2803 1045 2859 SALUTEM.

253 2922 268 2984 1
339 2912 430 2978 Bona
463 2927 560 2995 opera
598 2916 662 2985 tua
686 2911 806 2978 Christi
844 2912 948 2997 gratia
979 2912 1190 2996 germinantia
1225 2903 1381 2976 tenebis
1414 2911 1446 2974 in

179 3075 183 3082 .
295 3017 461 3086 membris*
484 3017 555 3083 eius
590 3015 808 3083 honorandum
847 3020 880 3082 et
915 3019 1009 3100 plane
1041 3017 1246 3082 notissimum
1270 3014 1447 3082 dilectissi-

333 3210 426 3263 iesse
443 3201 501 3263 ‘121⁷
506 3206 535 3262 U
570 3208 698 3262 dearum
716 3223 768 3264 om.
792 3207 818 3262 T
834 3207 895 3261 edd.
912 3213 1061 3275 prosterne
1114 3204 1316 3260 nestrum-VH
1353 3206 1448 3258 denos

295 3293 539 3352 uiolentos.RVU
599 3296 910 3365 incumbens?
981 3293 1076 3366 etiam]
1095 3298 1124 3349 ct
1142 3293 1202 3348 edd.
1269 3294 1302 3347 13
1321 3296 1448 3346 constan·
1507 3321 1509 3324 ·

296 3385 350 3438 tia·
365 3387 402 3448 (m
421 3385 503 3453 eros.)
526 3384 552 3438 V
642 3386 675 3439 15
695 3388 738 3438 est
760 3383 931 3438 emendenda
948 3384 1008 3439 edd.
1117 3382 1271 3454 presbyter]
1294 3387 1404 3450 propter
1426 3380 1452 3433 T

298 3474 331 3528 16
350 3473 504 3528 incolumen
523 3472 558 3528 R‘
607 3472 641 3527 18
660 3465 831 3544 suspiciende
850 3472 950 3528 HRV·

457 3578 485 3632 P
511 3603 545 3626 =
565 3579 624 3633 cod.
642 3578 796 3634 Parisinus
813 3595 879 3655 non.
900 3597 957 3648 aeq.
978 3582 1056 3632 144³
1073 3593 1096 3633 s.
1115 3577 1238 3632 IX-X.

456 3667 494 3722 Μ
511 3693 544 3715 =
564 3668 622 3723 cod.
641 3667 825 3722 Monacensis
846 3670 927 3722 6266
944 3684 965 3720 s.
985 3668 1023 3723 X.
1311 3657 1313 3661 ’

455 3757 487 3812 F
510 3780 544 3803 =
564 3755 623 3811 coe.
643 3754 867 3826 aaronem
885 3758 916 3811 x
934 3741 975 3808 ao
992 3772 1013 3808 s.
1034 3753 1156 3808 x-aa

456 3846 484 3898 A
510 3869 543 3895 ==
563 3845 622 3904 cod.
641 3843 951 3911 Andonarapolitcmus
972 3846 1018 3906 76,
1039 3844 1065 3904 8,
1088 3845 1106 3894 9
1124 3859 1145 3895 s.
1166 3839 1288 3906 X-t-,XL

456 3933 495 3988 Ρι
512 3958 546 3981 =
566 3933 625 3988 cod.
644 3920 798 3987 Parisinus
815 3949 882 3986 non.
903 3948 961 4000 aeq.
981 3934 1059 3985 1444
1076 3948 1098 3984 s.
1119 3930 1174 3984 XI.

456 4021 485 4076 R
511 4046 545 4068 =
565 4020 625 4075 cod.
643 4020 721 4075 Mne.
739 4020 813 4074 Brit.
833 4021 898 4090 liep.
922 4020 987 4073 51)
1010 4019 1055 4072 VI
1070 4035 1091 4075 s.
1111 4016 1271 4072 ΧΙ-ΧΠ.

291 4196 298 4210 ¹
333 4095 367 4184 ΞΟ
386 4108 559 4212 suspiciendo
578 4125 670 4210 PPQ
715 4126 865 4180 uisceribus
885 4125 980 4180 christi
1000 4123 1027 4178 R
1090 4125 1123 4179 21
1144 4124 1173 4177 in
1192 4121 1302 4177 doarino
1321 4119 1450 4188 salutern]

297 4218 439 4288 episcopus
458 4215 486 4271 P
634 4209 637 4218 ⁴
669 4221 675 4230 '
703 4211 728 4218 ”
