3309 4867
486 353 488 355 ·
554 336 821 409 epistularum
850 333 971 392 CXVIII.
1272 337 1337 404 673

186 532 389 616 interrogent,
432 531 558 598 omnino
596 551 658 599 non
695 530 802 608 uideo,
840 529 966 615 qnando
990 530 1132 620 ‘quidem
1174 531 1237 610 hic,
1274 551 1338 615 qno

186 638 227 703 sd
266 656 303 702 ea
344 636 495 703 discenda
539 637 674 716 uenisti,
699 640 749 702 *et
788 636 910 702 Romae
956 641 1103 721 expertus
1151 656 1195 714 es,
1242 657 1337 721 qnam

186 744 393 829 neglegenter
433 742 609 808 habeantur
644 745 679 808 et
714 741 755 808 ob
791 743 868 808 boo'
889 761 992 824 neque
1028 742 1202 810 doceantur
1237 762 1339 826 neque

187 850 362 925 discentum
399 853 432 914 et
461 850 495 915 iu
525 848 635 915 Africa
664 851 767 933 nsque
799 848 879 914 adeo
911 847 950 913 de
986 848 1037 930 his
1073 849 1339 936 interrogatorem

153 957 303 1041 spatenis
330 957 500 1036 neminem,
528 960 566 1022 ut
587 973 646 1020 nec
668 957 701 1020 te
723 954 831 1038 ipsum
856 954 928 1038 quis
955 954 1096 1039 patiatur
1121 956 1266 1022 inuenies
1290 975 1340 1021 ea-

187 1081 249 1146 que
271 1062 377 1146 inopia
400 1062 558 1146 episeopis
582 1060 764 1144 exponenda
781 1079 819 1127 ea
842 1061 970 1128 mittere
989 1064 1124 1148 cogaris,
1149 1063 1241 1146 quasi
1264 1077 1339 1128 uero

188 1168 243 1234 isti
270 1168 423 1256 episcopi,
455 1167 553 1233 etiam
585 1166 613 1232 si
645 1166 868 1234 adulescentes
895 1167 1017 1248 eodem,
1050 1187 1113 1251 qno
1141 1172 1178 1234 tu
1209 1167 1339 1252 raperis,

187 1274 284 1342 animi
316 1273 427 1341 ardore
454 1274 507 1339 nel
538 1274 646 1357 potins
673 1292 777 1339 errore
805 1274 898 1358 qnasi
929 1274 1050 1359 aliquid
1077 1293 1229 1361 magnum
1262 1274 1342 1338 hoec

188 1380 309 1445 discere
343 1382 504 1460 currerunt,
536 1397 639 1464 nsque
671 1378 712 1444 ad
742 1397 839 1447 canos
872 1378 1069 1468 episcopales
1103 1383 1137 1445 et
1167 1397 1269 1463 nsque
1300 1379 1342 1443 ad

140 1514 168 1553 ro
187 1486 352 1564 cathedras
376 1486 612 1551 ecclesiasticas
636 1504 673 1550 ea
700 1485 762 1552 sibi
789 1485 822 1550 in
846 1482 1000 1552 memoria
1022 1486 1136 1556 durare
1159 1489 1342 1569 paterentur

189 1595 255 1671 aut,
287 1589 315 1658 si
346 1592 411 1676 ipsi
440 1591 573 1670 mellent,
606 1610 668 1656 non
700 1591 756 1656 ille
789 1587 887 1657 etiam
916 1591 954 1658 ds
985 1592 1162 1659 ianitorum
1192 1591 1341 1658 cordibus

189 1718 283 1765 curae
309 1697 447 1765 maiores
474 1698 703 1784 grauioresque
730 1698 932 1764 secluderent
958 1703 1024 1778 ant,
1053 1697 1081 1766 si
1104 1698 1212 1782 aliqua
1235 1718 1271 1764 ex
1294 1698 1365 1764 eis'

191 1806 223 1871 in
251 1805 365 1871 suirnis
394 1822 504 1871 eorum
532 1806 631 1870 nimia
658 1806 888 1871 consuetudine
915 1808 1123 1885 remanerent,
1155 1823 1216 1872 non
1245 1805 1341 1871 etiam

187 1912 260 1996 ipsa
285 1911 445 1980 obliuione
478 1911 612 1995 sepelire
644 1910 778 1975 mallent
813 1912 978 1978 recordatu
1002 1931 1105 1996 guam
1140 1911 1261 1994 ineptia
1295 1931 1342 1977 re·

140 2015 342 2099 respondere
379 2016 534 2099 quaesita,
573 2034 646 2080 oum
682 2015 715 2079 iu
747 2015 819 2098 ipsa
851 2016 948 2081 etiam
980 2016 1119 2082 scholari
1151 2015 1282 2081 lenitate
1311 2020 1344 2081 et

145 2169 148 2172 s
189 2121 355 2187 rhetoricis
371 2119 529 2188 cathedris
547 2120 591 2184 ita
612 2121 811 2186 obmutuisse
831 2126 926 2205 etque
946 2121 1147 2205 obtorpuisse
1165 2122 1342 2203 uideantur,

188 2231 225 2292 nt
245 2226 467 2313 acartbagiue
481 2227 673 2311 Hipponem,
693 2245 756 2309 quo
776 2228 889 2310 exponi
909 2228 1042 2312 possint,
1061 2227 1219 2294 mittenda
1237 2229 1343 2295 existi-

190 2336 324 2410 mentur,
353 2334 410 2399 nbi
437 2337 503 2398 tam
536 2334 666 2400 insolita
694 2336 790 2416 atque
819 2334 946 2401 omnino
975 2336 1146 2419 peregrina
1178 2339 1260 2413 sunt,
1294 2338 1342 2414 ut,

190 2439 219 2505 si
244 2438 362 2505 uellem
394 2439 606 2523 respondendi
634 2457 710 2504 cura
740 2439 896 2534 inspicere
928 2440 1050 2522 aliquid
1081 2441 1194 2506 nolens
1220 2440 1342 2518 uidere,

139 2571 170 2613 zo
190 2565 252 2631 quo
275 2545 370 2611 modo
394 2546 435 2612 ad
457 2545 657 2622 sententiam,
682 2564 762 2629 quae
784 2544 865 2610 mibi
885 2546 1067 2630 exponendo
1085 2532 1183 2626 esset,
1207 2547 1344 2630 desuper

189 2652 335 2717 neniatur
357 2657 415 2716 ont
436 2651 475 2717 ab
499 2670 536 2716 ea
556 2651 704 2734 deinceps
723 2669 804 2734 quae
823 2655 1041 2718 contexeretur
1063 2654 1175 2732 oratio,
1199 2653 1342 2721 codicem

69 2785 72 2789 “
188 2776 317 2843 prorsus
332 2758 474 2823 inuenire
489 2776 550 2823 non
565 2750 704 2841 possem.
720 2757 769 2823 illi
784 2762 893 2824 autem
907 2758 1186 2845 Carthaginienses
1200 2761 1342 2826 rhetores

181 2863 217 2928 si
245 2863 320 2929 hnic
344 2867 401 2934 tuo
430 2864 537 2930 studio
562 2864 741 2943 defuerunt,
771 2884 833 2930 non
857 2865 953 2931 modo
976 2884 997 2931 a
1017 2886 1070 2932 me
1092 2886 1155 2932 non
1178 2867 1345 2952 reprehen-

188 2971 317 3047 duntur,
336 2970 408 3035 -sed
441 2971 537 3036 etiam
574 2971 797 3056 adprobantur,
836 2972 865 3037 si
896 2972 978 3037 forte
1009 2972 1074 3038 iam
1105 2973 1251 3039 recolunt
1281 2993 1343 3038 non

139 3103 168 3144 ss
186 3075 401 3142 Romanorum
429 3077 567 3146 fororum
593 3077 650 3142 sed
674 3075 868 3143 Graecomm
892 3079 1132 3164 gymnasiorum
1152 3079 1218 3143 ista
1240 3078 1344 3144 solere

188 3200 261 3247 esse
293 3182 474 3250 certamina
506 3186 543 3248 tn
575 3203 651 3250 uero
684 3203 757 3249 cum
791 3191 826 3264 et
855 3184 888 3249 in
921 3186 1088 3274 gymnasia
1115 3181 1341 3269 cogitationem

227 3421 314 3492 lquo
333 3421 378 3491 adl
398 3422 470 3492 qnod
488 3422 517 3476 P
568 3423 650 3492 5qni
669 3420 741 3478 ΡΨ
754 3423 816 3479 edd.
891 3441 924 3479 ea
941 3423 1067 3496 quaed!
1133 3425 1342 3497 herponendae

188 3512 314 3565 emittere
332 3510 369 3564 Μ
390 3509 563 3581 exponendae
585 3511 696 3564 mittere
714 3513 742 3564 Δ
765 3512 922 3582 exponendo
946 3513 1082 3582 amittere,
1099 3516 1168 3568 Μ
1185 3514 1343 3585 exponenda

187 3601 298 3654 mittere
316 3599 345 3653 P
361 3598 519 3668 exponenda
536 3600 646 3653 mittere
658 3595 688 3656 R·
710 3645 712 3648 .
741 3601 756 3653 7
775 3600 822 3654 isti
842 3603 969 3672 episcopo
988 3603 1069 3669 (corr.
1087 3605 1150 3657 Μ
1167 3601 1342 3673 episeopilB

188 3687 310 3758 episcopi
324 3685 375 3740 isti
394 3687 456 3741 edd.
511 3685 693 3743 aduliscenter
707 3687 736 3742 P
746 3688 938 3758 adolescentis,
952 3705 1021 3745 corr.
1035 3695 1097 3745 sul
1115 3689 1300 3745 adolescentes
1314 3687 1344 3745 R

187 3774 336 3844 8uliquorl
353 3775 382 3828 A
449 3776 611 3830 tourment
628 3777 665 3831 Ρ1
686 3779 712 3842 (e
729 3783 804 3846 ap.)
829 3776 855 3829 V
921 3779 954 3833 10
974 3778 1041 3838 dum
1059 3779 1258 3849 reputarentur,
1277 3781 1343 3835 ms

188 3864 286 3918 dursre
304 3868 464 3934 paterentur
481 3864 510 3918 P
551 3915 563 3948 ,l
599 3865 629 3919 ll
650 3866 709 3934 ipse
728 3863 764 3918 Μ
871 3866 1028 3935 inuitornm,
1047 3871 1114 3921 ma
1136 3865 1288 3921 innidorurn
1307 3865 1345 3920 Μ

190 3953 224 4008 12
243 3968 272 4007 se
290 3951 495 4007 clauderentd
534 3954 567 4008 14
586 3953 696 4023 sepeliri
714 3971 741 4008 m
794 3954 890 4024 inepte
907 3953 1027 4010 P¹Vad
1045 3956 1181 4026 ineptam
1222 3955 1255 4008 15
1272 3953 1342 4008 leni·

189 4045 247 4096 tate
265 4040 294 4095 P
382 4041 416 4095 19
435 4057 507 4104 cura,
526 4041 806 4097 macerationis
825 4043 854 4099 R
908 4046 1050 4114 'aspicere
1069 4043 1139 4097 ΡΨ
1226 4039 1259 4098 21
1280 4045 1340 4113 aut]

189 4133 221 4182 nt
239 4128 309 4182 ΡΨ
377 4145 446 4198 quse
465 4129 593 4200 deinceps
610 4128 639 4184 R
710 4131 745 4184 22
765 4132 987 4202 carthaginenses
1005 4132 1083 4187 codd.
1104 4131 1165 4186 edd.
1241 4131 1280 4185 23
1298 4146 1341 4185 re·

189 4216 504 4287 prehendeutnrAPW
550 4219 586 4273 25
604 4218 693 4272 forum
706 4217 802 4274 MRV
867 4220 995 4275 solareA
1049 4221 1084 4276 26
1099 4224 1193 4276 stom.
1207 4218 1236 4274 R

218 4339 338 4392 xxnnrr,
354 4341 413 4390 nug.
429 4344 484 4382 uer.
500 4341 522 4382 11
537 4351 590 4391 pm
603 4344 625 4384 a.
1246 4369 1249 4377 .
1269 4325 1305 4379 43
