3309 4867
569 222 698 288 376
1281 222 1334 277 S.
1390 222 1668 277 Aureli
1724 223 2159 292 Augustini

569 420 640 480 tu
707 432 959 498 quoque
1022 408 1339 500 infringis.
1402 434 1552 481 nam
1612 415 2065 496 Laodicenum,
2127 418 2311 484 cuins
2377 436 2603 485 nomen
2666 423 2875 498 taces,

571 520 647 585 de
695 519 964 587 ecclesia
1012 519 1170 585 dicis
1217 539 1419 605 nuper
1462 540 1815 606 egressum,
1851 523 2276 588 Alexandrum
2323 527 2539 590 autem
2584 530 2875 593 ueterem

569 627 981 706 haereticum,
1041 626 1380 712 origenem
1434 645 1585 694 uero
1642 647 1716 693 ac
1772 628 2121 713 Didymum
2172 631 2587 715 reprehensos
2642 633 2754 699 abs
2804 639 2871 698 te

569 733 714 818 lego
777 734 842 798 in
904 733 1363 800 recentioribus
1427 734 1758 818 opusculis
1812 735 1945 802 tuis
2000 738 2066 801 et
2118 755 2240 803 non
2294 737 2699 805 mediocriter
2748 759 2867 806 nec

571 839 648 904 de
702 837 1132 906 mediocribus
1187 840 1691 923 quaestionibus,
1748 842 2046 928 quamuis
2103 841 2436 929 Origenem
2493 845 2873 912 mirabiliter
2947 872 2980 909 a

571 950 717 1013 ante
776 946 1159 1012 laudaueris.
1225 966 1372 1013 cum
1425 947 1528 1013 his
1584 966 1735 1034 ergo
1792 967 1994 1013 errare
2048 952 2205 1033 puto
2262 950 2414 1034 quia
2457 970 2573 1017 nec
2618 956 2683 1018 te
2726 952 2869 1037 ipse

569 1052 848 1137 patieris,
898 1053 1193 1136 quamuis
1239 1053 1359 1118 hoc
1402 1054 1663 1138 perinde
1708 1054 1977 1134 dicatur,
2026 1074 2098 1121 ac
2146 1057 2201 1121 si
2255 1055 2320 1121 in
2376 1058 2497 1123 hac
2554 1060 2870 1126 sententia

575 1182 688 1222 nnn
767 1159 1135 1226 errauerint.
1210 1179 1353 1225 nam
1426 1160 1572 1244 quis
1643 1165 1766 1240 est,
1839 1160 1948 1246 qui
2013 1181 2083 1228 se
2147 1163 2310 1229 uelit
2372 1182 2519 1230 cum
2583 1164 2873 1248 quolibet

575 1270 816 1330 era-are?
890 1268 1021 1332 tres
1095 1266 1295 1352 igitur
1363 1268 1627 1345 restant,
1693 1268 2012 1334 Eusebius
2075 1269 2435 1348 Emisenus,
2501 1270 2867 1339 Theodorus

579 1374 983 1438 Heracleotes
1031 1375 1118 1452 et,
1167 1392 1351 1457 quem
1396 1375 1586 1459 paulo
1635 1378 1783 1458 post
1839 1394 2319 1457 commemoras,
2365 1377 2698 1458 Iohannes,
2753 1377 2869 1460 qui
2912 1402 2977 1442 ιο

575 1482 811 1546 dudum
864 1479 929 1544 in
985 1478 1333 1564 pontificali
1386 1480 1588 1565 gradu
1635 1479 2401 1568 Constantinopolitanam
2452 1484 2614 1550 rexit
2670 1484 2869 1550 eccle·

575 1610 748 1650 ΞΙΗΤἙΞ-

471 1690 547 1750 24
667 1694 851 1758 Porro
925 1692 983 1758 si
1059 1710 1325 1778 quaeras
1395 1692 1502 1758 uel
1563 1694 1829 1768 recolas,
1898 1693 2053 1777 quid
2117 1693 2262 1761 hinc
2326 1695 2596 1761 senserit
2647 1699 2871 1763 'noster

575 1797 969 1878 Anfflrnsius,
1035 1799 1190 1883 quid
1251 1802 1466 1865 noster
1526 1799 1751 1865 itidem
1820 1799 2193 1884 Cyprianus,
2256 1801 2546 1867 inuenies
2598 1802 2868 1890 fortasse

575 1926 687 1970 nsc-
735 1904 913 1970 nobis
961 1904 1267 1986 defuisse,
1314 1925 1474 1989 quos
1522 1907 1584 1970 in
1635 1926 1731 1984 eo,
1780 1907 1950 1989 quod
2006 1907 2383 1986 adserimus,
2441 1927 2868 1993 sequeremur.
2907 1934 2967 1970 ιε

575 2031 976 2094 quamquam,
1043 2012 1217 2078 sicut
1276 2011 1466 2097 paulo
1532 2017 1679 2078 ante
1745 2013 1894 2092 dixi,
1959 2017 2209 2080 tan-tum
2272 2015 2463 2081 modo
2536 2015 2870 2100 scripturis

579 2119 890 2184 canonicis
955 2119 1117 2184 hanc
1181 2118 1521 2203 ingenuam
1575 2119 1839 2185 debeam
1897 2120 2296 2200 seruitutem,
2353 2140 2479 2205 qua
2535 2140 2641 2187 eas
2696 2120 2867 2188 solas

579 2230 663 2290 ita
711 2244 957 2307 sequar,
1003 2226 1080 2288 ut
1125 2225 1585 2311 conscriptores
1623 2244 1840 2300 earum
1879 2226 2041 2292 nihil
2076 2226 2140 2291 in
2178 2227 2270 2292 eis
2310 2227 2565 2293 omnino
2604 2246 2866 2306 errasse,

579 2354 607 2394 n
623 2334 727 2394 ihil
803 2330 1106 2396 Fallaciter
1163 2331 1464 2423 posuisse
1529 2351 1650 2397 non
1719 2331 2027 2400 dubitem.
2101 2332 2361 2416 proinde
2426 2352 2573 2399 cum
2638 2352 2869 2417 quaero

579 2442 854 2516 tertium,
900 2439 977 2502 ut
1019 2441 1153 2504 tres
1201 2438 1391 2524 etiam
1448 2457 1566 2524 ego
1623 2437 1830 2506 tribus
1887 2456 2222 2522 opponam,
2278 2457 2535 2521 possem
2590 2438 2869 2524 quidem,
2904 2465 2969 2508 no

579 2550 643 2606 ul
699 2543 979 2620 arbitror,
1028 2543 1216 2609 facile
1261 2544 1556 2628 reperire,
1614 2544 1671 2610 si
1727 2545 1933 2610 multa
1982 2528 2311 2629 legissem.
2381 2564 2604 2610 uerum
2658 2547 2869 2611 tamen

583 2658 711 2730 spus·
763 2651 915 2715 mihi
961 2669 1074 2734 pro
1121 2651 1220 2716 his
1268 2650 1583 2734 omnibus,
1629 2651 1827 2717 immo
1876 2670 2069 2735 supra
2113 2651 2229 2717 hos
2276 2670 2494 2717 omnes
2542 2649 2870 2734 apostolus

755 2840 927 2896 9—12
967 2840 1034 2895 cf.
1073 2858 1126 2911 p.
1167 2840 1289 2905 286,
1329 2842 1532 2905 9-10;
1571 2842 1698 2906 289,
1739 2842 1949 2897 15—16
2118 2841 2186 2896 13
2224 2839 2292 2895 cf.
2331 2839 2579 2922 Ambros.
2617 2841 2676 2895 in
2711 2841 2870 2896 Pauli

583 2950 627 2998 ,Ἴ
703 2930 767 2982 nd
816 2928 938 2986 Gal.
984 2929 1040 2984 11
1091 2932 1303 2985 11—14
1351 2924 1559 3000 (Migne
1607 2929 1803 3001 patrol.
1853 2930 1949 2985 lat.
1998 2929 2155 2984 XVII
2190 2947 2244 3000 p.
2282 2930 2406 2995 349,
2444 2929 2712 2994 50-850,
2750 2931 2868 2996 59);

579 3026 826 3086 [2420211.
867 3019 1028 3089 epist..
1066 3018 1255 3083 mxxi,
1293 3019 1327 3073 3
1367 3017 1476 3086 (ed.
1512 3019 1721 3107 smel.
1762 3037 1811 3090 p.
1854 3019 1978 3082 773,
2020 3019 2251 3088 10—22)

663 3146 675 3194 1
727 3154 783 3198 tu
821 3158 925 3199 om.
964 3144 1017 3196 A
1191 3142 1340 3212 nam]
1378 3160 1488 3199 non
1525 3145 1580 3197 A
1652 3139 1658 3145 ’
1738 3144 1795 3208 ,2
1830 3142 1972 3205 dicis
2007 3159 2112 3198 om.
2149 3141 2252 3196 HI
2417 3145 2600 3197 autem
2636 3159 2738 3197 ont.
2777 3137 2883 3195 HI

655 3238 845 3286 ιιαπετε-
872 3235 1071 3300 (Ροείτ.
1114 3247 1142 3285 e
1180 3247 1246 3286 ex
1280 3247 1396 3287 rae.
1437 3237 1500 3285 et.
1525 3214 1854 3298 com'mst)
1892 3230 1970 3285 M
2072 3232 2105 3286 3
2143 3231 2247 3285 hac
2284 3230 2351 3284 H
2454 3247 2511 3285 re
2550 3234 2684 3296 (ras.
2711 3246 2876 3298 super

583 3353 587 3366 ι
627 3353 631 3366 ε
675 3322 963 3390 prehensos
1001 3319 1076 3375 M
1216 3320 1284 3375 ab
1322 3320 1362 3375 Ι
1485 3322 1518 3374 5
1558 3320 1824 3390 originem
1860 3321 1916 3374 A
2025 3321 2059 3374 6
2094 3318 2404 3375 laudaberis
2441 3305 2506 3374 H
2648 3319 2876 3373 iislrm

655 3414 803 3478 erun!
844 3424 965 3462 eum
1005 3424 1107 3477 ego
1146 3409 1200 3462 A
1341 3413 1502 3480 putes
1539 3409 1605 3463 H
1747 3412 1804 3463 te
1841 3424 1945 3463 om.
1983 3408 2027 3463 I
2146 3410 2176 3463 7
2215 3408 2301 3478 ac]
2339 3407 2441 3462 hac
2477 3405 2547 3462 H
2658 3406 2692 3461 8
2730 3422 2874 3461 erra·

587 3502 759 3550 lug-mil:
795 3496 860 3551 H
1000 3497 1147 3567 quis]
1190 3497 1283 3566 qui
1321 3499 1362 3552 I
1499 3497 1749 3567 qualibet
1782 3498 1818 3552 1
1978 3496 2012 3550 9
2051 3497 2216 3551 errari
2254 3496 2320 3550 H
2460 3511 2743 3551 emesenus
2780 3495 2885 3551 HI
2892 3499 2896 3502 ’

589 3594 647 3638 1¹4:
691 3602 844 3654 qus-m
883 3586 938 3640 Ι.
1025 3589 1151 3657 post
1187 3585 1519 3657 paulosspost
1544 3584 1612 3640 H
1720 3586 1787 3640 13
1826 3585 2041 3655 quaeris
2079 3585 2167 3639 uel
2202 3585 2397 3639 recolis
2425 3584 2502 3638 Ρι
2610 3584 2699 3638 hic
2726 3583 2886 3637 HPI

591 3682 647 3730 14
691 3675 1003 3730 ,imbrosius
1042 3673 1174 3745 quid
1213 3677 1398 3728 noster
1435 3690 1538 3728 om.
1578 3672 1891 3728 PMAP¹R
2053 3671 2266 3742 itidem]
2306 3671 2452 3728 idem
2486 3671 2555 3726 H
2718 3672 2877 3726 inue-

587 3770 711 3818 mim..
767 3778 900 3819 sorr.
946 3767 1071 3816 m.1
1118 3760 1360 3816 inuenies
1397 3761 1473 3816 M
1513 3762 1799 3816 inueniens
1837 3761 1906 3815 H
2084 3763 2149 3816 15
2198 3759 2367 3831 quod]
2417 3776 2553 3830 quos
2590 3758 2658 3814 H
2699 3776 2806 3829 quo
2845 3759 2887 3811 I

595 3854 647 3906 [Ρ-
691 3854 1029 3923 unamquam,
1067 3851 1131 3903 in
1166 3867 1336 3921 man-9.
1377 3853 1638 3920 quantum
1679 3850 1721 3903 I
1893 3849 2078 3903 dixisti
2117 3850 2158 3903 I
2313 3849 2382 3903 17
2420 3854 2552 3918 post
2598 3865 2705 3918 qua
2738 3864 2783 3903 s.
2818 3864 2875 3903 a.

587 3962 691 3990 sm.
735 3940 806 3994 M
838 3955 944 4010 que
982 3941 1046 3994 Η
1193 3940 1305 4010 eas]
1340 3939 1439 3993 hes
1478 3939 1542 3991 H
1670 3938 1733 3993 19
1772 3953 1943 4015 ροιϊοΙ
1968 3936 2097 3992 inde
2133 3937 2186 3990 A
2316 3936 2385 3991 20
2422 3935 2498 3991 ud
2534 3936 2576 3990 I
2712 3937 2878 3990 etiam

583 4050 663 4078 ,sm
731 4030 787 4082 Η
965 4029 1091 4099 ego]
1132 4045 1260 4098 ergo
1298 4028 1365 4083 H
1542 4027 1744 4097 possim
1782 4028 1835 4080 A
1978 4026 2046 4080 21
2093 4026 2297 4080 mahta
2332 4024 2404 4078 Ρ1
2590 4024 2790 4096 legisse
2827 4025 2883 4078 P

591 4122 647 4170 :2
699 4138 787 4170 uns
822 4116 891 4172 Η
