3309 4867
258 283 301 360 86
610 292 638 346 S.
667 291 806 353 Aureli
833 277 1053 362 Augustini

257 485 414 571 legerunt,
441 485 629 569 respondere
656 487 762 550 umen
786 483 832 549 eis
857 484 925 550 sine
948 486 1119 551 uoluerunt
1140 485 1221 565 siue,
1244 490 1282 553 ut
1303 489 1406 572 magis

259 593 409 670 creditur,
442 594 664 675 nequiueruut.
697 592 753 658 ubi
780 591 873 658 nobis
901 592 979 658 satis
1008 591 1115 656 uisum
1143 596 1194 657 est
1217 592 1406 676 impleuisse

260 717 318 763 nos
347 698 487 764 officinm
516 699 668 775 caritatis,
697 716 793 780 qnam
815 717 877 762 non
900 694 1007 763 solnm
1031 697 1149 763 noshis
1172 698 1229 763 sed
1252 701 1285 762 et
1308 698 1408 788 omni-

260 806 321 867 ous
357 821 415 869 nos
453 803 566 869 debere
603 805 732 877 sanetus
765 803 897 887 spiritns
930 803 1033 883 docet,
1067 802 1122 885 qui
1153 804 1244 870 nobis
1277 805 1322 869 ait
1353 822 1410 886 por

168 988 170 992 ἢ
211 983 221 997 ,
260 905 456 991 apostolum:
480 909 560 976 Vos
584 915 717 975 antem
741 909 927 976 dominus
952 909 1210 993 multiplicet
1233 914 1272 976 et
1291 910 1407 974 abun·
1437 936 1451 984 s

261 1014 354 1079 dare
390 1014 522 1080 faciat
553 1016 592 1080 in
626 1015 806 1080 caritate
838 1015 875 1079 in
909 1014 1086 1090 inuicem
1119 1019 1159 1080 et
1189 1016 1228 1081 iu
1261 1033 1407 1081 omnes.

259 1124 370 1186 monet
405 1120 500 1186 etiam
542 1123 604 1187 alio
644 1112 715 1187 loco
756 1121 788 1185 in
829 1120 987 1186 modestia
1027 1120 1241 1204 corripiendos
1283 1120 1409 1186 diuersa

261 1228 450 1293 sentientes:
483 1226 538 1291 Ne
570 1227 689 1303 forte,
719 1224 833 1309 inquit,
863 1226 930 1291 det
956 1225 1049 1291 illis
1077 1225 1176 1291 dens
1203 1227 1409 1311 paeniten-

261 1333 359 1398 tiam
391 1332 439 1398 ad
470 1332 796 1418 cognoscendam
829 1331 1052 1397 ueritatem
1085 1337 1124 1397 et
1154 1332 1409 1416 resipiscant

262 1440 307 1503 de
344 1437 502 1505 diaboli
537 1438 700 1521 laqueis
738 1437 944 1520 captinati
982 1437 1028 1500 ab
1065 1437 1155 1520 ipso
1192 1438 1233 1502 in
1270 1438 1408 1521 ipsius
1429 1455 1457 1492 ιο

263 1545 554 1610 uoluntatenr.'

218 1642 237 1702 2
305 1650 393 1715 Haec
420 1652 624 1735 praelocutus
653 1669 734 1724 snm,
763 1668 801 1713 ne
831 1649 903 1732 quis
930 1668 982 1713 me
1010 1649 1169 1714 existimet
1202 1649 1421 1733 inpudentiae

261 1757 355 1822 uobis
379 1775 472 1841 quam
496 1755 684 1839 prudentius
709 1756 829 1838 scripta
850 1755 979 1821 misisse
998 1759 1031 1820 et
1048 1756 1108 1820 hoc
1127 1756 1227 1821 modo¹
1240 1755 1409 1821 uobiscum

164 1926 167 1934 .
263 1862 301 1928 de
324 1864 451 1947 nogotio
474 1863 597 1927 animae
621 1866 745 1927 nestrae
764 1862 886 1944 aliquid
906 1881 999 1946 agere
1017 1861 1171 1940 noluisse,
1191 1864 1266 1945 quia
1283 1864 1411 1927 nonnae

263 1970 496 2035 communionis
524 1988 585 2034 non
615 1969 704 2047 estis,
733 1987 807 2033 cum
833 1971 951 2044 tamen
975 1968 1003 2031 si
1025 1968 1067 2033 de
1089 1969 1218 2054 negotio
1242 1968 1333 2034 fundi
1355 1971 1412 2033 aut
1429 1986 1460 2024 υ

265 2076 401 2141 alicuius
431 2075 630 2158 pecuniariae
656 2073 724 2138 litis
753 2073 947 2160 dirimendae
970 2073 1063 2141 uobis
1087 2074 1207 2157 aliquid
1231 2074 1412 2150 scriberem,

264 2201 355 2246 nemo
373 2161 520 2246 'sommis
546 2179 800 2262 reprehenderet.
828 2198 931 2261 usque
956 2179 1034 2245 adeo
1058 2197 1151 2245 carus
1176 2184 1226 2244 est
1247 2180 1301 2245 hic
1323 2199 1412 2243 mun-

252 2288 325 2376 dns
352 2286 534 2352 hominibus
563 2289 596 2350 et
623 2285 752 2350 sibimet
775 2279 842 2368 ipsi
866 2286 1038 2351 uiluerunt.
1067 2286 1128 2351 erit
1149 2286 1248 2369 igitur
1270 2285 1348 2350 mihi
1372 2284 1412 2348 ad

265 2392 481 2457 defensionem
512 2393 607 2457 testis
639 2392 716 2456 haec
748 2392 889 2475 epistula
919 2392 951 2455 in
983 2391 1101 2456 indicio
1121 2392 1196 2469 dei,
1229 2392 1284 2473 qni
1311 2391 1412 2469 nouit,

265 2518 328 2580 qno
361 2499 465 2562 animo
498 2500 637 2573 fecerim,
671 2503 704 2564 et
734 2499 790 2581 qni
823 2497 915 2563 dixit:
947 2498 1066 2562 Beati
1097 2497 1280 2581 pacifici,
1318 2497 1459 2580 quiana

265 2602 344 2687 ipsi
368 2603 456 2668 filii
481 2604 545 2670 dei
569 2606 836 2670 nocebuntur.

176 2708 242 2772 113
310 2712 404 2795 Ergo,
442 2716 480 2775 ut
515 2712 698 2776 meminisse
736 2710 920 2794 dignamini,
958 2729 1031 2774 cum
1065 2712 1273 2776 essemns'iu
1305 2712 1412 2773 uestra

266 2817 397 2881 ciuitate
430 2820 464 2883 et
495 2817 647 2882 nonnulla
678 2815 847 2881 uobiscum
882 2816 919 2879 de
956 2816 1177 2881 communione
1215 2814 1412 2882 Christianae

265 2924 399 2988 unitatis
422 2942 600 3008 ageremus,
624 2923 747 3006 prolata
771 2925 847 2987 snut
870 2941 888 2985 a
909 2922 1053 3005 partibus
1072 2922 1189 2987 nestris
1209 2926 1302 3006 gesta
1319 2939 1412 3005 quae-

266 3030 351 3107 dam,
378 3030 493 3112 quihus
521 3031 689 3098 recitatum
719 3034 778 3106 est,
807 3030 892 3111 quod
920 3029 1123 3114 septuaginta
1148 3030 1248 3093 ferme
1270 3028 1412 3112 episcopi
1430 3042 1459 3083 2⁵

267 3135 482 3224 Caecilianum
510 3135 666 3219 quondam
696 3140 825 3199 nostrae
858 3121 1089 3200 communionis
1123 3136 1308 3220 episcopum
1341 3135 1412 3201 Car-

269 3241 475 3326 thaginiensis
521 3242 673 3307 ecclesiae
717 3261 790 3306 cum
832 3243 900 3306 suis
941 3242 1074 3326 collegis
1112 3247 1144 3307 et
1180 3240 1412 3308 ordinatoribus
1455 3272 1457 3275 >

267 3348 505 3413 damnauerunt.
528 3349 584 3413 nbi
607 3350 702 3413 etiam
727 3349 845 3413 Felicis
868 3348 1077 3432 aptungitani
1101 3367 1197 3415 cansa
1218 3351 1321 3413 multo
1340 3367 1413 3431 prae

357 3589 517 3647 51Tl1ess.
535 3592 563 3658 3,
584 3592 617 3645 12
672 3592 687 3645 7
707 3590 735 3644 11
754 3590 822 3647 Tim.
841 3591 868 3654 2,
888 3592 994 3646 25-26
1048 3591 1083 3644 20
1101 3591 1200 3646 hinton.
1220 3594 1245 3655 5,
1265 3592 1282 3645 9

304 3731 320 3784 2
339 3730 550 3799 ..nequiuerint
568 3716 613 3794 (ne
632 3748 700 3785 eros.
713 3731 739 3800 ?)
757 3731 794 3785 Μ
855 3733 873 3785 4
892 3732 1003 3801 spiritus
1023 3733 1133 3785 sanctus
1152 3731 1206 3796 Alc
1269 3730 1287 3784 8
1305 3729 1413 3800 sapien·

268 3823 310 3872 tos
330 3811 371 3873 13⁴
412 3820 487 3889 flet]
507 3823 536 3872 et
554 3836 583 3872 se
602 3823 641 3889 (se
661 3819 712 3873 del.
731 3821 807 3885 me)
823 3821 849 3873 P
902 3821 935 3874 10
954 3815 1188 3889 captiuitatiMF
1203 3822 1279 3887 (Μ
1296 3817 1414 3885 detuit)

271 3906 303 3960 12
322 3906 420 3960 hocR
512 3908 544 3962 15
563 3908 587 3961 si
607 3906 639 3960 de
659 3924 693 3962 ec
710 3908 819 3962 fich
909 3909 942 3962 18
961 3908 1135 3961 uilneratrl·
1219 3904 1419 3977 erit]tcrit1¹'

268 3995 409 4050 ferretM
477 4014 541 4066 ergo
561 3998 620 4051 edd.
694 3997 729 4051 ad
748 3997 935 4051 defensionem
955 4013 1005 4051 om.
1025 3995 1053 4049 R
1097 3997 1132 4051 20
1151 4003 1196 4064 orii
1215 3996 1248 4049 M
1265 4012 1316 4051 ccc.
1334 3995 1414 4071 Vtile.

269 4085 301 4138 21
323 4085 496 4154 speramns
544 4087 579 4139 24
593 4087 691 4140 nestris
706 4089 798 4141 ema
849 4086 884 4141 26
903 4084 1128 4154 carthaginiensis
1147 4085 1167 4149 (i
1181 4090 1247 4154 post
1265 4101 1282 4139 n
1301 4083 1419 4153 croan

268 4173 482 4243 carthaginensis
497 4173 552 4228 AR
565 4175 626 4228 cdd.
675 4174 710 4227 28
729 4174 826 4228 relius
842 4177 868 4242 (ο
881 4191 950 4229 eros.
961 4173 987 4240 f)
1004 4173 1038 4225 M
1086 4159 1268 4227 autumnitani
1282 4171 1360 4228 codd.
1377 4188 1416 4226 ac
