<?xml version="1.0" encoding="UTF-8"?>
<!DOCTYPE html PUBLIC "-//W3C//DTD XHTML 1.0 Transitional//EN"
    "http://www.w3.org/TR/xhtml1/DTD/xhtml1-transitional.dtd">
<html xmlns="http://www.w3.org/1999/xhtml" xml:lang="en" lang="en">
 <head>
  <title>
</title>
<meta http-equiv="Content-Type" content="text/html;charset=utf-8" />
  <meta name='ocr-system' content='tesseract 3.04.00' />
  <meta name='ocr-capabilities' content='ocr_page ocr_carea ocr_par ocr_line ocrx_word'/>
</head>
<body>
  <div class='ocr_page' id='page_1' title='image "./savreliavgvstin00goldgoog_0099.png"; bbox 0 0 3309 4867; ppageno 0'>
   <div class='ocr_carea' id='block_1_1' title="bbox 615 307 1433 420">
    <p class='ocr_par' dir='ltr' id='par_1_1' title="bbox 615 307 1433 420">
     <span class='ocr_line' id='line_1_1' title="bbox 615 307 1433 420; baseline -0.002 -17"><span class='ocrx_word' id='word_1_1' title='bbox 615 323 617 328; x_wconf 23' lang='grc' dir='ltr'>Ι</span> <span class='ocrx_word' id='word_1_2' title='bbox 668 307 934 420; x_wconf 84' lang='lat' dir='ltr'><strong>epistularum</strong></span> <span class='ocrx_word' id='word_1_3' title='bbox 962 326 1062 402; x_wconf 69' lang='lat' dir='ltr'><strong>acin.</strong></span> <span class='ocrx_word' id='word_1_4' title='bbox 1390 349 1433 413; x_wconf 84' lang='grc'><strong>87</strong></span> 
     </span>
    </p>
   </div>
   <div class='ocr_carea' id='block_1_2' title="bbox 212 541 1497 3282">
    <p class='ocr_par' dir='ltr' id='par_1_2' title="bbox 212 541 1497 3282">
     <span class='ocr_line' id='line_1_2' title="bbox 283 541 1434 630; baseline -0.007 -18"><span class='ocrx_word' id='word_1_5' title='bbox 283 544 397 612; x_wconf 88' lang='lat' dir='ltr'><strong>ceteris</strong></span> <span class='ocrx_word' id='word_1_6' title='bbox 432 543 627 610; x_wconf 88' lang='lat' dir='ltr'><strong>inuidiosius</strong></span> <span class='ocrx_word' id='word_1_7' title='bbox 664 546 697 608; x_wconf 93' lang='lat' dir='ltr'><strong>et</strong></span> <span class='ocrx_word' id='word_1_8' title='bbox 732 541 935 607; x_wconf 81' lang='lat' dir='ltr'><strong>criminosius</strong></span> <span class='ocrx_word' id='word_1_9' title='bbox 968 541 1125 607; x_wconf 89' lang='lat' dir='ltr'><strong>uentilata</strong></span> <span class='ocrx_word' id='word_1_10' title='bbox 1155 545 1216 608; x_wconf 86' lang='lat' dir='ltr'><strong>eet.</strong></span> <span class='ocrx_word' id='word_1_11' title='bbox 1247 559 1328 624; x_wconf 87' lang='lat' dir='ltr'><strong>quae</strong></span> <span class='ocrx_word' id='word_1_12' title='bbox 1361 559 1434 630; x_wconf 89' lang='lat' dir='ltr'><strong>cum</strong></span> 
     </span>
     <span class='ocr_line' id='line_1_3' title="bbox 283 646 1436 734; baseline -0.003 -18"><span class='ocrx_word' id='word_1_13' title='bbox 283 653 394 716; x_wconf 84' lang='lat' dir='ltr'><strong>essent</strong></span> <span class='ocrx_word' id='word_1_14' title='bbox 424 654 541 715; x_wconf 87' lang='lat' dir='ltr'><strong>cuncta</strong></span> <span class='ocrx_word' id='word_1_15' title='bbox 567 650 718 734; x_wconf 83' lang='lat' dir='ltr'><strong>perlecta,</strong></span> <span class='ocrx_word' id='word_1_16' title='bbox 745 646 969 729; x_wconf 77' lang='lat' dir='ltr'><strong>respondimus</strong></span> <span class='ocrx_word' id='word_1_17' title='bbox 998 666 1060 714; x_wconf 88' lang='lat' dir='ltr'><strong>uon</strong></span> <span class='ocrx_word' id='word_1_18' title='bbox 1088 667 1158 714; x_wconf 88' lang='lat' dir='ltr'><strong>esee</strong></span> <span class='ocrx_word' id='word_1_19' title='bbox 1187 647 1378 725; x_wconf 79' lang='lat' dir='ltr'><strong>mirandum,</strong></span> <span class='ocrx_word' id='word_1_20' title='bbox 1407 649 1436 713; x_wconf 90' lang='lat' dir='ltr'><strong>si</strong></span> 
     </span>
     <span class='ocr_line' id='line_1_4' title="bbox 283 754 1434 838; baseline -0.003 -15"><span class='ocrx_word' id='word_1_21' title='bbox 283 757 440 836; x_wconf 88' lang='lat' dir='ltr'><strong>homines,</strong></span> <span class='ocrx_word' id='word_1_22' title='bbox 468 755 524 838; x_wconf 87' lang='lat' dir='ltr'><strong>qui</strong></span> <span class='ocrx_word' id='word_1_23' title='bbox 552 758 628 820; x_wconf 90' lang='lat' dir='ltr'><strong>tunc</strong></span> <span class='ocrx_word' id='word_1_24' title='bbox 652 754 738 822; x_wconf 89' lang='lat' dir='ltr'><strong>illud</strong></span> <span class='ocrx_word' id='word_1_25' title='bbox 766 754 907 820; x_wconf 88' lang='lat' dir='ltr'><strong>schisma</strong></span> <span class='ocrx_word' id='word_1_26' title='bbox 935 754 1089 833; x_wconf 82' lang='lat' dir='ltr'><strong>lecerunt,</strong></span> <span class='ocrx_word' id='word_1_27' title='bbox 1116 774 1178 820; x_wconf 90' lang='lat' dir='ltr'><strong>non</strong></span> <span class='ocrx_word' id='word_1_28' title='bbox 1210 754 1279 819; x_wconf 92' lang='lat' dir='ltr'><strong>sine</strong></span> <span class='ocrx_word' id='word_1_29' title='bbox 1311 755 1434 822; x_wconf 87' lang='lat' dir='ltr'><strong>conlec-</strong></span> 
     </span>
     <span class='ocr_line' id='line_1_5' title="bbox 283 858 1433 947; baseline -0.004 -18"><span class='ocrx_word' id='word_1_30' title='bbox 283 863 369 929; x_wconf 90' lang='lat' dir='ltr'><strong>tione</strong></span> <span class='ocrx_word' id='word_1_31' title='bbox 398 865 564 947; x_wconf 81' lang='lat' dir='ltr'><strong>gestorum</strong></span> <span class='ocrx_word' id='word_1_32' title='bbox 591 880 657 940; x_wconf 84' lang='lat' dir='ltr'><strong>ecs,</strong></span> <span class='ocrx_word' id='word_1_33' title='bbox 684 861 717 926; x_wconf 91' lang='lat' dir='ltr'><strong>in</strong></span> <span class='ocrx_word' id='word_1_34' title='bbox 746 879 827 944; x_wconf 88' lang='lat' dir='ltr'><strong>quos</strong></span> <span class='ocrx_word' id='word_1_35' title='bbox 855 861 981 925; x_wconf 76' lang='lat' dir='ltr'><strong>merent</strong></span> <span class='ocrx_word' id='word_1_36' title='bbox 1007 861 1046 925; x_wconf 90' lang='lat' dir='ltr'><strong>ab</strong></span> <span class='ocrx_word' id='word_1_37' title='bbox 1075 858 1271 927; x_wconf 84' lang='lat' dir='ltr'><strong>aemulisct</strong></span> <span class='ocrx_word' id='word_1_38' title='bbox 1301 859 1433 945; x_wconf 89' lang='lat' dir='ltr'><strong>perditis</strong></span> 
     </span>
     <span class='ocr_line' id='line_1_6' title="bbox 251 966 1434 1056; baseline -0.001 -23"><span class='ocrx_word' id='word_1_39' title='bbox 251 967 445 1046; x_wconf 83' lang='lat' dir='ltr'><strong>eccnciteti,</strong></span> <span class='ocrx_word' id='word_1_40' title='bbox 478 968 624 1034; x_wconf 84' lang='lat' dir='ltr'><strong>absentes</strong></span> <span class='ocrx_word' id='word_1_41' title='bbox 657 985 757 1033; x_wconf 88' lang='lat' dir='ltr'><strong>cause</strong></span> <span class='ocrx_word' id='word_1_42' title='bbox 786 966 950 1052; x_wconf 76' lang='lat' dir='ltr'><strong>incognite</strong></span> <span class='ocrx_word' id='word_1_43' title='bbox 981 969 1100 1031; x_wconf 78' lang='lat' dir='ltr'><strong>tommo</strong></span> <span class='ocrx_word' id='word_1_44' title='bbox 1132 966 1326 1032; x_wconf 86' lang='lat' dir='ltr'><strong>damnandos</strong></span> <span class='ocrx_word' id='word_1_45' title='bbox 1363 985 1434 1056; x_wconf 87' lang='lat' dir='ltr'><strong>esse</strong></span> 
     </span>
     <span class='ocr_line' id='line_1_7' title="bbox 283 1071 1434 1172; baseline -0.002 -33"><span class='ocrx_word' id='word_1_46' title='bbox 283 1077 491 1158; x_wconf 77' lang='lat' dir='ltr'><strong>putauerunt3</strong></span> <span class='ocrx_word' id='word_1_47' title='bbox 530 1093 587 1140; x_wconf 90' lang='lat' dir='ltr'><strong>nos</strong></span> <span class='ocrx_word' id='word_1_48' title='bbox 624 1077 731 1138; x_wconf 86' lang='lat' dir='ltr'><strong>eutem</strong></span> <span class='ocrx_word' id='word_1_49' title='bbox 769 1073 886 1138; x_wconf 88' lang='lat' dir='ltr'><strong>bebere</strong></span> <span class='ocrx_word' id='word_1_50' title='bbox 922 1072 985 1138; x_wconf 86' lang='lat' dir='ltr'><strong>elie</strong></span> <span class='ocrx_word' id='word_1_51' title='bbox 1016 1075 1108 1172; x_wconf 66' lang='lat' dir='ltr'><strong>gesta</strong></span> <span class='ocrx_word' id='word_1_52' title='bbox 1139 1073 1369 1152; x_wconf 86' lang='lat' dir='ltr'><strong>ecclesiastice,</strong></span> <span class='ocrx_word' id='word_1_53' title='bbox 1401 1071 1434 1137; x_wconf 91' lang='lat' dir='ltr'><strong>iu</strong></span> 
     </span>
     <span class='ocr_line' id='line_1_8' title="bbox 284 1163 1437 1265; baseline -0.001 -20"><span class='ocrx_word' id='word_1_54' title='bbox 284 1181 401 1263; x_wconf 87' lang='lat' dir='ltr'><strong>quibus</strong></span> <span class='ocrx_word' id='word_1_55' title='bbox 434 1179 604 1252; x_wconf 74' lang='lat' dir='ltr'><strong>Secundus</strong></span> <span class='ocrx_word' id='word_1_56' title='bbox 633 1180 844 1265; x_wconf 67' lang='lat' dir='ltr'><strong>tigisitanus,</strong></span> <span class='ocrx_word' id='word_1_57' title='bbox 878 1179 933 1262; x_wconf 84' lang='lat' dir='ltr'><strong>qui</strong></span> <span class='ocrx_word' id='word_1_58' title='bbox 963 1182 1040 1244; x_wconf 84' lang='lat' dir='ltr'><strong>tunc</strong></span> <span class='ocrx_word' id='word_1_59' title='bbox 1073 1163 1189 1264; x_wconf 85' lang='lat' dir='ltr'><strong>egebat</strong></span> <span class='ocrx_word' id='word_1_60' title='bbox 1219 1180 1253 1245; x_wconf 90' lang='lat' dir='ltr'><strong>in</strong></span> <span class='ocrx_word' id='word_1_61' title='bbox 1284 1179 1437 1246; x_wconf 80' lang='lat' dir='ltr'><strong>Numidia</strong></span> 
     </span>
     <span class='ocr_line' id='line_1_9' title="bbox 283 1283 1434 1371; baseline -0.002 -19"><span class='ocrx_word' id='word_1_62' title='bbox 283 1289 466 1371; x_wconf 85' lang='lat' dir='ltr'><strong>primatum,</strong></span> <span class='ocrx_word' id='word_1_63' title='bbox 502 1291 685 1370; x_wconf 87' lang='lat' dir='ltr'><strong>praesentes</strong></span> <span class='ocrx_word' id='word_1_64' title='bbox 723 1289 757 1352; x_wconf 89' lang='lat' dir='ltr'><strong>et</strong></span> <span class='ocrx_word' id='word_1_65' title='bbox 793 1283 958 1351; x_wconf 80' lang='lat' dir='ltr'><strong>confessos</strong></span> <span class='ocrx_word' id='word_1_66' title='bbox 995 1286 1165 1352; x_wconf 82' lang='lat' dir='ltr'><strong>traditores</strong></span> <span class='ocrx_word' id='word_1_67' title='bbox 1204 1287 1336 1370; x_wconf 84' lang='lat' dir='ltr'><strong>reliquit</strong></span> <span class='ocrx_word' id='word_1_68' title='bbox 1376 1286 1434 1350; x_wconf 93' lang='lat' dir='ltr'><strong>deo</strong></span> 
     </span>
     <span class='ocr_line' id='line_1_10' title="bbox 283 1391 1435 1476; baseline 0 -18"><span class='ocrx_word' id='word_1_69' title='bbox 283 1392 471 1460; x_wconf 89' lang='lat' dir='ltr'><strong>indicendos</strong></span> <span class='ocrx_word' id='word_1_70' title='bbox 508 1396 542 1459; x_wconf 90' lang='lat' dir='ltr'><strong>et</strong></span> <span class='ocrx_word' id='word_1_71' title='bbox 578 1412 633 1460; x_wconf 91' lang='lat' dir='ltr'><strong>eos</strong></span> <span class='ocrx_word' id='word_1_72' title='bbox 669 1392 702 1456; x_wconf 90' lang='lat' dir='ltr'><strong>in</strong></span> <span class='ocrx_word' id='word_1_73' title='bbox 739 1391 976 1476; x_wconf 88' lang='lat' dir='ltr'><strong>episcopalibus</strong></span> <span class='ocrx_word' id='word_1_74' title='bbox 1014 1393 1155 1472; x_wconf 83' lang='lat' dir='ltr'><strong>sedibus,</strong></span> <span class='ocrx_word' id='word_1_75' title='bbox 1198 1394 1295 1459; x_wconf 89' lang='lat' dir='ltr'><strong>sicuti</strong></span> <span class='ocrx_word' id='word_1_76' title='bbox 1336 1397 1435 1471; x_wconf 86' lang='lat' dir='ltr'><strong>erent,</strong></span> 
     </span>
     <span class='ocr_line' id='line_1_11' title="bbox 237 1483 1436 1583; baseline 0 -20"><span class='ocrx_word' id='word_1_77' title='bbox 237 1523 266 1563; x_wconf 77' lang='lat' dir='ltr'><strong>so</strong></span> <span class='ocrx_word' id='word_1_78' title='bbox 284 1518 411 1565; x_wconf 85' lang='lat' dir='ltr'><strong>munere</strong></span> <span class='ocrx_word' id='word_1_79' title='bbox 438 1500 595 1583; x_wconf 78' lang='lat' dir='ltr'><strong>permisit,</strong></span> <span class='ocrx_word' id='word_1_80' title='bbox 624 1517 760 1582; x_wconf 87' lang='lat' dir='ltr'><strong>quorum</strong></span> <span class='ocrx_word' id='word_1_81' title='bbox 784 1498 912 1564; x_wconf 88' lang='lat' dir='ltr'><strong>nomine</strong></span> <span class='ocrx_word' id='word_1_82' title='bbox 933 1499 1017 1564; x_wconf 89' lang='lat' dir='ltr'><strong>inter</strong></span> <span class='ocrx_word' id='word_1_83' title='bbox 1038 1483 1238 1566; x_wconf 79' lang='lat' dir='ltr'><strong>damnatores</strong></span> <span class='ocrx_word' id='word_1_84' title='bbox 1263 1499 1436 1566; x_wconf 77' lang='lat' dir='ltr'><strong>coeciliani</strong></span> 
     </span>
     <span class='ocr_line' id='line_1_12' title="bbox 283 1603 1436 1689; baseline 0 -19"><span class='ocrx_word' id='word_1_85' title='bbox 283 1610 500 1681; x_wconf 87' lang='lat' dir='ltr'><strong>numerentur,</strong></span> <span class='ocrx_word' id='word_1_86' title='bbox 525 1624 599 1671; x_wconf 87' lang='lat' dir='ltr'><strong>com</strong></span> <span class='ocrx_word' id='word_1_87' title='bbox 623 1606 719 1670; x_wconf 89' lang='lat' dir='ltr'><strong>etiam</strong></span> <span class='ocrx_word' id='word_1_88' title='bbox 739 1603 906 1671; x_wconf 78' lang='lat' dir='ltr'><strong>Secundus</strong></span> <span class='ocrx_word' id='word_1_89' title='bbox 925 1605 996 1688; x_wconf 89' lang='lat' dir='ltr'><strong>ipse</strong></span> <span class='ocrx_word' id='word_1_90' title='bbox 1014 1605 1142 1672; x_wconf 90' lang='lat' dir='ltr'><strong>concilii</strong></span> <span class='ocrx_word' id='word_1_91' title='bbox 1160 1606 1304 1672; x_wconf 90' lang='lat' dir='ltr'><strong>eiusdem</strong></span> <span class='ocrx_word' id='word_1_92' title='bbox 1322 1605 1436 1689; x_wconf 89' lang='lat' dir='ltr'><strong>princi·</strong></span> 
     </span>
     <span class='ocr_line' id='line_1_13' title="bbox 282 1710 1435 1797; baseline -0.002 -20"><span class='ocrx_word' id='word_1_93' title='bbox 282 1714 394 1795; x_wconf 91' lang='lat' dir='ltr'><strong>petum</strong></span> <span class='ocrx_word' id='word_1_94' title='bbox 410 1713 556 1788; x_wconf 89' lang='lat' dir='ltr'><strong>teneret,</strong></span> <span class='ocrx_word' id='word_1_95' title='bbox 583 1711 640 1777; x_wconf 91' lang='lat' dir='ltr'><strong>nbi</strong></span> <span class='ocrx_word' id='word_1_96' title='bbox 667 1711 816 1776; x_wconf 88' lang='lat' dir='ltr'><strong>absentee</strong></span> <span class='ocrx_word' id='word_1_97' title='bbox 847 1710 940 1794; x_wconf 88' lang='lat' dir='ltr'><strong>quesi</strong></span> <span class='ocrx_word' id='word_1_98' title='bbox 963 1711 1131 1778; x_wconf 76' lang='lat' dir='ltr'><strong>traditores</strong></span> <span class='ocrx_word' id='word_1_99' title='bbox 1154 1733 1210 1797; x_wconf 92' lang='lat' dir='ltr'><strong>per</strong></span> <span class='ocrx_word' id='word_1_100' title='bbox 1232 1730 1343 1778; x_wconf 89' lang='lat' dir='ltr'><strong>eorum</strong></span> <span class='ocrx_word' id='word_1_101' title='bbox 1365 1730 1435 1776; x_wconf 88' lang='lat' dir='ltr'><strong>een-</strong></span> 
     </span>
     <span class='ocr_line' id='line_1_14' title="bbox 283 1817 1376 1902; baseline 0 -20"><span class='ocrx_word' id='word_1_102' title='bbox 283 1817 401 1885; x_wconf 85' lang='lat' dir='ltr'><strong>tentias&#39;</strong></span> <span class='ocrx_word' id='word_1_103' title='bbox 425 1817 598 1896; x_wconf 78' lang='lat' dir='ltr'><strong>damnauit,</strong></span> <span class='ocrx_word' id='word_1_104' title='bbox 623 1817 740 1900; x_wconf 88' lang='lat' dir='ltr'><strong>quibus</strong></span> <span class='ocrx_word' id='word_1_105' title='bbox 761 1817 984 1899; x_wconf 88' lang='lat' dir='ltr'><strong>praesentibus</strong></span> <span class='ocrx_word' id='word_1_106' title='bbox 1009 1820 1041 1882; x_wconf 85' lang='lat' dir='ltr'><strong>et</strong></span> <span class='ocrx_word' id='word_1_107' title='bbox 1063 1818 1219 1884; x_wconf 74' lang='lat' dir='ltr'><strong>confessis</strong></span> <span class='ocrx_word' id='word_1_108' title='bbox 1241 1817 1376 1902; x_wconf 79' lang='lat' dir='ltr'><strong>ignouit</strong></span> 
     </span>
     <span class='ocr_line' id='line_1_15' title="bbox 212 1922 1436 2008; baseline -0.003 -17"><span class='ocrx_word' id='word_1_109' title='bbox 212 1927 237 1991; x_wconf 79' lang='lat'>4</span> <span class='ocrx_word' id='word_1_110' title='bbox 328 1923 451 1989; x_wconf 84' lang='lat' dir='ltr'><strong>Deinde</strong></span> <span class='ocrx_word' id='word_1_111' title='bbox 474 1923 613 1989; x_wconf 85' lang='lat' dir='ltr'><strong>diximus</strong></span> <span class='ocrx_word' id='word_1_112' title='bbox 636 1924 798 2008; x_wconf 82' lang='lat' dir='ltr'><strong>eliquanto</strong></span> <span class='ocrx_word' id='word_1_113' title='bbox 821 1926 898 2007; x_wconf 90' lang='lat' dir='ltr'><strong>post</strong></span> <span class='ocrx_word' id='word_1_114' title='bbox 914 1922 1065 1989; x_wconf 79' lang='lat' dir='ltr'><strong>Meiorim</strong></span> <span class='ocrx_word' id='word_1_115' title='bbox 1082 1924 1321 2001; x_wconf 80' lang='lat' dir='ltr'><strong>ordinationem,</strong></span> <span class='ocrx_word' id='word_1_116' title='bbox 1340 1941 1436 2006; x_wconf 89' lang='lat' dir='ltr'><strong>quem</strong></span> 
     </span>
     <span class='ocr_line' id='line_1_16' title="bbox 238 2027 1435 2114; baseline 0.001 -23"><span class='ocrx_word' id='word_1_117' title='bbox 238 2033 394 2095; x_wconf 70' lang='lat' dir='ltr'><strong>utcontra</strong></span> <span class='ocrx_word' id='word_1_118' title='bbox 416 2028 632 2095; x_wconf 76' lang='lat' dir='ltr'><strong>Caecilianum</strong></span> <span class='ocrx_word' id='word_1_119' title='bbox 655 2027 773 2095; x_wconf 82' lang='lat' dir='ltr'><strong>nelarie</strong></span> <span class='ocrx_word' id='word_1_120' title='bbox 797 2030 918 2095; x_wconf 87' lang='lat' dir='ltr'><strong>scelere</strong></span> <span class='ocrx_word' id='word_1_121' title='bbox 940 2029 1132 2096; x_wconf 86' lang='lat' dir='ltr'><strong>leuauerunt</strong></span> <span class='ocrx_word' id='word_1_122' title='bbox 1155 2031 1313 2114; x_wconf 81' lang='lat' dir='ltr'><strong>erigentes</strong></span> <span class='ocrx_word' id='word_1_123' title='bbox 1330 2029 1435 2094; x_wconf 86' lang='lat' dir='ltr'><strong>altere</strong></span> 
     </span>
     <span class='ocr_line' id='line_1_17' title="bbox 284 2134 1436 2216; baseline 0 -16"><span class='ocrx_word' id='word_1_124' title='bbox 284 2139 394 2216; x_wconf 87' lang='lat' dir='ltr'><strong>contra</strong></span> <span class='ocrx_word' id='word_1_125' title='bbox 420 2135 519 2201; x_wconf 80' lang='lat' dir='ltr'><strong>altem</strong></span> <span class='ocrx_word' id='word_1_126' title='bbox 547 2138 581 2200; x_wconf 93' lang='lat' dir='ltr'><strong>et</strong></span> <span class='ocrx_word' id='word_1_127' title='bbox 606 2135 761 2200; x_wconf 89' lang='lat' dir='ltr'><strong>unitatem</strong></span> <span class='ocrx_word' id='word_1_128' title='bbox 792 2134 912 2201; x_wconf 83' lang='lat' dir='ltr'><strong>Christi</strong></span> <span class='ocrx_word' id='word_1_129' title='bbox 940 2134 1109 2202; x_wconf 77' lang='lat' dir='ltr'><strong>discordiis</strong></span> <span class='ocrx_word' id='word_1_130' title='bbox 1141 2135 1311 2201; x_wconf 80' lang='lat' dir='ltr'><strong>furialibus</strong></span> <span class='ocrx_word' id='word_1_131' title='bbox 1343 2135 1436 2201; x_wconf 90' lang='lat' dir='ltr'><strong>dissi·</strong></span> 
     </span>
     <span class='ocr_line' id='line_1_18' title="bbox 283 2239 1436 2329; baseline 0 -23"><span class='ocrx_word' id='word_1_132' title='bbox 283 2246 407 2326; x_wconf 84' lang='lat' dir='ltr'><strong>pentes,</strong></span> <span class='ocrx_word' id='word_1_133' title='bbox 440 2259 496 2306; x_wconf 90' lang='lat' dir='ltr'><strong>eos</strong></span> <span class='ocrx_word' id='word_1_134' title='bbox 528 2241 649 2324; x_wconf 87' lang='lat' dir='ltr'><strong>petisse</strong></span> <span class='ocrx_word' id='word_1_135' title='bbox 682 2257 701 2305; x_wconf 86' lang='lat' dir='ltr'><strong>e</strong></span> <span class='ocrx_word' id='word_1_136' title='bbox 732 2239 941 2329; x_wconf 80' lang='lat' dir='ltr'><strong>Constantino</strong></span> <span class='ocrx_word' id='word_1_137' title='bbox 973 2244 1052 2306; x_wconf 90' lang='lat' dir='ltr'><strong>tunc</strong></span> <span class='ocrx_word' id='word_1_138' title='bbox 1087 2241 1278 2327; x_wconf 77' lang='lat' dir='ltr'><strong>imperatore</strong></span> <span class='ocrx_word' id='word_1_139' title='bbox 1312 2241 1436 2307; x_wconf 88' lang='lat' dir='ltr'><strong>iudices</strong></span> 
     </span>
     <span class='ocr_line' id='line_1_19' title="bbox 284 2346 1437 2431; baseline -0.001 -18"><span class='ocrx_word' id='word_1_140' title='bbox 284 2347 464 2430; x_wconf 88' lang='lat' dir='ltr'><strong>episcopos,</strong></span> <span class='ocrx_word' id='word_1_141' title='bbox 492 2348 548 2431; x_wconf 88' lang='lat' dir='ltr'><strong>qui</strong></span> <span class='ocrx_word' id='word_1_142' title='bbox 576 2347 615 2413; x_wconf 93' lang='lat' dir='ltr'><strong>de</strong></span> <span class='ocrx_word' id='word_1_143' title='bbox 642 2346 710 2413; x_wconf 90' lang='lat' dir='ltr'><strong>suis</strong></span> <span class='ocrx_word' id='word_1_144' title='bbox 739 2346 993 2430; x_wconf 83' lang='lat' dir='ltr'><strong>quaestionibus,</strong></span> <span class='ocrx_word' id='word_1_145' title='bbox 1021 2365 1103 2431; x_wconf 82' lang='lat' dir='ltr'><strong>quae</strong></span> <span class='ocrx_word' id='word_1_146' title='bbox 1124 2349 1156 2413; x_wconf 92' lang='lat' dir='ltr'><strong>in</strong></span> <span class='ocrx_word' id='word_1_147' title='bbox 1180 2349 1290 2414; x_wconf 77' lang='lat' dir='ltr'><strong>Africa</strong></span> <span class='ocrx_word' id='word_1_148' title='bbox 1310 2350 1437 2414; x_wconf 83' lang='lat' dir='ltr'><strong>exortae</strong></span> 
     </span>
     <span class='ocr_line' id='line_1_20' title="bbox 284 2452 1436 2537; baseline 0 -19"><span class='ocrx_word' id='word_1_149' title='bbox 284 2452 373 2536; x_wconf 82' lang='lat' dir='ltr'><strong>pecie</strong></span> <span class='ocrx_word' id='word_1_150' title='bbox 396 2453 572 2518; x_wconf 23' lang='lat' dir='ltr'><strong>&#39;uinculum</strong></span> <span class='ocrx_word' id='word_1_151' title='bbox 604 2452 805 2532; x_wconf 83' lang='lat' dir='ltr'><strong>dirimebant,</strong></span> <span class='ocrx_word' id='word_1_152' title='bbox 841 2453 959 2518; x_wconf 86' lang='lat' dir='ltr'><strong>arbitro</strong></span> <span class='ocrx_word' id='word_1_153' title='bbox 993 2455 1097 2520; x_wconf 87' lang='lat' dir='ltr'><strong>medio</strong></span> <span class='ocrx_word' id='word_1_154' title='bbox 1129 2455 1317 2520; x_wconf 83' lang='lat' dir='ltr'><strong>iudicere‘nt</strong></span> <span class='ocrx_word' id='word_1_155' title='bbox 1351 2452 1436 2537; x_wconf 89' lang='lat' dir='ltr'><strong>quod</strong></span> 
     </span>
     <span class='ocr_line' id='line_1_21' title="bbox 239 2557 1437 2643; baseline 0.002 -21"><span class='ocrx_word' id='word_1_156' title='bbox 239 2581 267 2622; x_wconf 80' lang='lat' dir='ltr'><strong>se</strong></span> <span class='ocrx_word' id='word_1_157' title='bbox 284 2563 395 2641; x_wconf 82' lang='lat' dir='ltr'><strong>postea</strong></span> <span class='ocrx_word' id='word_1_158' title='bbox 428 2577 524 2640; x_wconf 86' lang='lat' dir='ltr'><strong>quem</strong></span> <span class='ocrx_word' id='word_1_159' title='bbox 556 2557 677 2624; x_wconf 83' lang='lat' dir='ltr'><strong>fectum</strong></span> <span class='ocrx_word' id='word_1_160' title='bbox 709 2564 770 2633; x_wconf 88' lang='lat' dir='ltr'><strong>est,</strong></span> <span class='ocrx_word' id='word_1_161' title='bbox 803 2562 970 2640; x_wconf 88' lang='lat' dir='ltr'><strong>praesente</strong></span> <span class='ocrx_word' id='word_1_162' title='bbox 1004 2560 1182 2627; x_wconf 78' lang='lat' dir='ltr'><strong>Caeciliano</strong></span> <span class='ocrx_word' id='word_1_163' title='bbox 1215 2565 1255 2626; x_wconf 86' lang='lat' dir='ltr'><strong>et·</strong></span> <span class='ocrx_word' id='word_1_164' title='bbox 1274 2561 1360 2638; x_wconf 84' lang='lat' dir='ltr'><strong>illis,</strong></span> <span class='ocrx_word' id='word_1_165' title='bbox 1380 2560 1437 2643; x_wconf 86' lang='lat' dir='ltr'><strong>qui</strong></span> 
     </span>
     <span class='ocr_line' id='line_1_22' title="bbox 284 2662 1436 2751; baseline 0.003 -23"><span class='ocrx_word' id='word_1_166' title='bbox 284 2662 438 2729; x_wconf 80' lang='lat' dir='ltr'><strong>adderem</strong></span> <span class='ocrx_word' id='word_1_167' title='bbox 466 2683 539 2729; x_wconf 87' lang='lat' dir='ltr'><strong>eum</strong></span> <span class='ocrx_word' id='word_1_168' title='bbox 567 2666 807 2751; x_wconf 80' lang='lat' dir='ltr'><strong>nauigauerent,</strong></span> <span class='ocrx_word' id='word_1_169' title='bbox 835 2664 996 2731; x_wconf 88' lang='lat' dir='ltr'><strong>indicante</strong></span> <span class='ocrx_word' id='word_1_170' title='bbox 1018 2665 1199 2732; x_wconf 87' lang='lat' dir='ltr'><strong>ld&#39;clchiede</strong></span> <span class='ocrx_word' id='word_1_171' title='bbox 1222 2670 1299 2731; x_wconf 81' lang='lat' dir='ltr'><strong>tuno</strong></span> <span class='ocrx_word' id='word_1_172' title='bbox 1321 2666 1436 2732; x_wconf 88' lang='lat' dir='ltr'><strong>Roma·</strong></span> 
     </span>
     <span class='ocr_line' id='line_1_23' title="bbox 283 2769 1436 2857; baseline 0.003 -24"><span class='ocrx_word' id='word_1_173' title='bbox 283 2788 342 2834; x_wconf 88' lang='lat' dir='ltr'><strong>nee</strong></span> <span class='ocrx_word' id='word_1_174' title='bbox 364 2769 454 2834; x_wconf 90' lang='lat' dir='ltr'><strong>urbis</strong></span> <span class='ocrx_word' id='word_1_175' title='bbox 478 2772 627 2855; x_wconf 84' lang='lat' dir='ltr'><strong>episcopo</strong></span> <span class='ocrx_word' id='word_1_176' title='bbox 652 2772 883 2856; x_wconf 79' lang='lat' dir='ltr'><strong>cum-collegis</strong></span> <span class='ocrx_word' id='word_1_177' title='bbox 907 2772 986 2849; x_wconf 87' lang='lat' dir='ltr'><strong>suis,</strong></span> <span class='ocrx_word' id='word_1_178' title='bbox 1010 2791 1091 2855; x_wconf 88' lang='lat' dir='ltr'><strong>quoe</strong></span> <span class='ocrx_word' id='word_1_179' title='bbox 1114 2773 1153 2838; x_wconf 88' lang='lat' dir='ltr'><strong>ed</strong></span> <span class='ocrx_word' id='word_1_180' title='bbox 1176 2791 1286 2857; x_wconf 85' lang='lat' dir='ltr'><strong>preces</strong></span> <span class='ocrx_word' id='word_1_181' title='bbox 1304 2773 1436 2838; x_wconf 87' lang='lat' dir='ltr'><strong>Donati-</strong></span> 
     </span>
     <span class='ocr_line' id='line_1_24' title="bbox 284 2875 1434 2962; baseline 0.003 -22"><span class='ocrx_word' id='word_1_182' title='bbox 284 2881 405 2944; x_wconf 86' lang='lat' dir='ltr'><strong>starum</strong></span> <span class='ocrx_word' id='word_1_183' title='bbox 428 2875 561 2944; x_wconf 89' lang='lat' dir='ltr'><strong>miseret</strong></span> <span class='ocrx_word' id='word_1_184' title='bbox 583 2878 765 2961; x_wconf 79' lang='lat' dir='ltr'><strong>imperator,</strong></span> <span class='ocrx_word' id='word_1_185' title='bbox 789 2876 869 2941; x_wconf 91' lang='lat' dir='ltr'><strong>nibil</strong></span> <span class='ocrx_word' id='word_1_186' title='bbox 893 2878 924 2942; x_wconf 93' lang='lat' dir='ltr'><strong>in</strong></span> <span class='ocrx_word' id='word_1_187' title='bbox 945 2876 1124 2944; x_wconf 81' lang='lat' dir='ltr'><strong>Geecilieno</strong></span> <span class='ocrx_word' id='word_1_188' title='bbox 1143 2877 1271 2962; x_wconf 86' lang='lat' dir='ltr'><strong>probari</strong></span> <span class='ocrx_word' id='word_1_189' title='bbox 1289 2878 1434 2960; x_wconf 89' lang='lat' dir='ltr'><strong>potuisse</strong></span> 
     </span>
     <span class='ocr_line' id='line_1_25' title="bbox 284 2982 1435 3067; baseline 0.003 -21"><span class='ocrx_word' id='word_1_190' title='bbox 284 2999 322 3046; x_wconf 88' lang='lat' dir='ltr'><strong>ac</strong></span> <span class='ocrx_word' id='word_1_191' title='bbox 342 3001 400 3066; x_wconf 91' lang='lat' dir='ltr'><strong>per</strong></span> <span class='ocrx_word' id='word_1_192' title='bbox 421 2982 485 3048; x_wconf 93' lang='lat' dir='ltr'><strong>hoc</strong></span> <span class='ocrx_word' id='word_1_193' title='bbox 505 2983 561 3049; x_wconf 91' lang='lat' dir='ltr'><strong>illc</strong></span> <span class='ocrx_word' id='word_1_194' title='bbox 584 2982 617 3047; x_wconf 91' lang='lat' dir='ltr'><strong>in</strong></span> <span class='ocrx_word' id='word_1_195' title='bbox 641 2984 829 3066; x_wconf 84' lang='lat' dir='ltr'><strong>episcopatu</strong></span> <span class='ocrx_word' id='word_1_196' title='bbox 854 2983 1040 3050; x_wconf 81' lang='lat' dir='ltr'><strong>confirmato</strong></span> <span class='ocrx_word' id='word_1_197' title='bbox 1059 2984 1231 3059; x_wconf 87' lang='lat' dir='ltr'><strong>Donatum,</strong></span> <span class='ocrx_word' id='word_1_198' title='bbox 1251 2984 1305 3067; x_wconf 92' lang='lat' dir='ltr'><strong>qui</strong></span> <span class='ocrx_word' id='word_1_199' title='bbox 1324 2984 1435 3049; x_wconf 84' lang='lat' dir='ltr'><strong>uduor-</strong></span> 
     </span>
     <span class='ocr_line' id='line_1_26' title="bbox 236 3081 1497 3173; baseline 0.002 -20"><span class='ocrx_word' id='word_1_200' title='bbox 236 3112 266 3153; x_wconf 71' lang='grc' dir='ltr'><strong>ει</strong></span> <span class='ocrx_word' id='word_1_201' title='bbox 284 3106 340 3153; x_wconf 86' lang='lat' dir='ltr'><strong>sue</strong></span> <span class='ocrx_word' id='word_1_202' title='bbox 363 3103 438 3156; x_wconf 87' lang='lat' dir='ltr'><strong>eum</strong></span> <span class='ocrx_word' id='word_1_203' title='bbox 459 3093 538 3154; x_wconf 89' lang='lat' dir='ltr'><strong>tunc</strong></span> <span class='ocrx_word' id='word_1_204' title='bbox 560 3089 678 3168; x_wconf 87' lang='lat' dir='ltr'><strong>ederat,</strong></span> <span class='ocrx_word' id='word_1_205' title='bbox 701 3081 915 3171; x_wconf 83' lang='lat' dir='ltr'><strong>inprobatum.</strong></span> <span class='ocrx_word' id='word_1_206' title='bbox 940 3089 1059 3172; x_wconf 88' lang='lat' dir='ltr'><strong>quibus</strong></span> <span class='ocrx_word' id='word_1_207' title='bbox 1079 3091 1217 3173; x_wconf 82' lang='lat' dir='ltr'><strong>peractis</strong></span> <span class='ocrx_word' id='word_1_208' title='bbox 1240 3091 1336 3155; x_wconf 87' lang='lat' dir='ltr'><strong>rebus</strong></span> <span class='ocrx_word' id='word_1_209' title='bbox 1360 3110 1433 3156; x_wconf 88' lang='lat' dir='ltr'><strong>cum</strong></span> <span class='ocrx_word' id='word_1_210' title='bbox 1495 3109 1497 3114; x_wconf 92' lang='grc'><strong><em>·</em></strong></span> 
     </span>
     <span class='ocr_line' id='line_1_27' title="bbox 283 3193 1448 3282; baseline 0.003 -24"><span class='ocrx_word' id='word_1_211' title='bbox 283 3193 331 3259; x_wconf 87' lang='lat' dir='ltr'><strong>illi</strong></span> <span class='ocrx_word' id='word_1_212' title='bbox 358 3212 468 3260; x_wconf 81' lang='lat' dir='ltr'><strong>ornnes</strong></span> <span class='ocrx_word' id='word_1_213' title='bbox 495 3195 528 3259; x_wconf 91' lang='lat' dir='ltr'><strong>in</strong></span> <span class='ocrx_word' id='word_1_214' title='bbox 554 3196 728 3278; x_wconf 79' lang='lat' dir='ltr'><strong>pertinacia</strong></span> <span class='ocrx_word' id='word_1_215' title='bbox 750 3195 974 3262; x_wconf 86' lang='lat' dir='ltr'><strong>scelestissimi</strong></span> <span class='ocrx_word' id='word_1_216' title='bbox 996 3196 1181 3262; x_wconf 86' lang='lat' dir='ltr'><strong>schismatis</strong></span> <span class='ocrx_word' id='word_1_217' title='bbox 1204 3200 1448 3282; x_wconf 66' lang='lat' dir='ltr'><strong>permanerent„</strong></span> 
     </span>
    </p>
   </div>
   <div class='ocr_carea' id='block_1_3' title="bbox 173 3425 1435 4301">
    <p class='ocr_par' dir='ltr' id='par_1_3' title="bbox 173 3425 1432 3684">
     <span class='ocr_line' id='line_1_28' title="bbox 319 3425 1431 3508; baseline -0.002 -17"><span class='ocrx_word' id='word_1_218' title='bbox 319 3438 409 3508; x_wconf 78' lang='lat' dir='ltr'><strong>iqua</strong></span> <span class='ocrx_word' id='word_1_219' title='bbox 426 3435 457 3490; x_wconf 83' lang='lat' dir='ltr'>F</span> <span class='ocrx_word' id='word_1_220' title='bbox 508 3436 715 3492; x_wconf 76' lang='lat' dir='ltr'><strong>tocciectione</strong></span> <span class='ocrx_word' id='word_1_221' title='bbox 734 3441 797 3502; x_wconf 91' lang='lat' dir='ltr'><strong>(con</strong></span> <span class='ocrx_word' id='word_1_222' title='bbox 815 3455 837 3496; x_wconf 84' lang='lat' dir='ltr'><strong>s.</strong></span> <span class='ocrx_word' id='word_1_223' title='bbox 856 3454 883 3493; x_wconf 80' lang='lat' dir='ltr'><strong>ee.</strong></span> <span class='ocrx_word' id='word_1_224' title='bbox 903 3456 937 3492; x_wconf 81' lang='lat' dir='ltr'><strong>m.</strong></span> <span class='ocrx_word' id='word_1_225' title='bbox 947 3441 974 3507; x_wconf 87' lang='lat'><strong>1)</strong></span> <span class='ocrx_word' id='word_1_226' title='bbox 992 3439 1030 3492; x_wconf 99' lang='lat' dir='ltr'><strong><em>M</em></strong></span> <span class='ocrx_word' id='word_1_227' title='bbox 1082 3425 1105 3495; x_wconf 80' lang='lat'><strong>&#39;5</strong></span> <span class='ocrx_word' id='word_1_228' title='bbox 1126 3453 1221 3494; x_wconf 80' lang='lat' dir='ltr'><strong>caueae</strong></span> <span class='ocrx_word' id='word_1_229' title='bbox 1238 3437 1276 3493; x_wconf 88' lang='lat' dir='ltr'><strong><em>M</em></strong></span> <span class='ocrx_word' id='word_1_230' title='bbox 1294 3442 1394 3507; x_wconf 83' lang='lat' dir='ltr'><strong>(poetr.</strong></span> <span class='ocrx_word' id='word_1_231' title='bbox 1415 3438 1431 3490; x_wconf 82' lang='lat' dir='ltr'><strong>l.</strong></span> 
     </span>
     <span class='ocr_line' id='line_1_29' title="bbox 282 3523 1432 3596; baseline -0.001 -17"><span class='ocrx_word' id='word_1_232' title='bbox 282 3540 342 3593; x_wconf 72' lang='lat' dir='ltr'><strong>esp.</strong></span> <span class='ocrx_word' id='word_1_233' title='bbox 361 3529 433 3591; x_wconf 62' lang='lat' dir='ltr'><strong>ml)</strong></span> <span class='ocrx_word' id='word_1_234' title='bbox 451 3525 507 3580; x_wconf 71' lang='lat' dir='ltr'><strong>Fe</strong></span> <span class='ocrx_word' id='word_1_235' title='bbox 561 3526 710 3596; x_wconf 84' lang='lat' dir='ltr'><strong>incognite,</strong></span> <span class='ocrx_word' id='word_1_236' title='bbox 729 3541 798 3580; x_wconf 70' lang='lat' dir='ltr'><strong>com.</strong></span> <span class='ocrx_word' id='word_1_237' title='bbox 816 3523 878 3580; x_wconf 61' lang='lat' dir='ltr'><strong>ern</strong></span> <span class='ocrx_word' id='word_1_238' title='bbox 895 3525 1038 3596; x_wconf 75' lang='lat' dir='ltr'><strong>incognite</strong></span> <span class='ocrx_word' id='word_1_239' title='bbox 1055 3526 1093 3581; x_wconf 88' lang='lat' dir='ltr'><strong><em>M</em></strong></span> <span class='ocrx_word' id='word_1_240' title='bbox 1143 3527 1234 3582; x_wconf 82' lang='lat' dir='ltr'><strong>dolie</strong></span> <span class='ocrx_word' id='word_1_241' title='bbox 1251 3526 1352 3581; x_wconf 83' lang='lat' dir='ltr'><strong>bebere</strong></span> <span class='ocrx_word' id='word_1_242' title='bbox 1371 3525 1432 3580; x_wconf 78' lang='lat' dir='ltr'><strong>edd.</strong></span> 
     </span>
     <span class='ocr_line' id='line_1_30' title="bbox 173 3611 1432 3684; baseline 0.001 -19"><span class='ocrx_word' id='word_1_243' title='bbox 173 3619 176 3628; x_wconf 93' lang='grc'><strong>’</strong></span> <span class='ocrx_word' id='word_1_244' title='bbox 283 3611 466 3682; x_wconf 72' lang='lat' dir='ltr'><strong>&#39;lb‘gietenue</strong></span> <span class='ocrx_word' id='word_1_245' title='bbox 485 3614 513 3667; x_wconf 73' lang='lat' dir='ltr'><em>A</em></span> <span class='ocrx_word' id='word_1_246' title='bbox 602 3614 755 3684; x_wconf 83' lang='lat' dir='ltr'><strong>8reliquid</strong></span> <span class='ocrx_word' id='word_1_247' title='bbox 773 3612 934 3668; x_wconf 85' lang='lat' dir='ltr'><strong>indicendus</strong></span> <span class='ocrx_word' id='word_1_248' title='bbox 953 3614 980 3667; x_wconf 76' lang='lat' dir='ltr'><em>A</em></span> <span class='ocrx_word' id='word_1_249' title='bbox 1068 3615 1102 3669; x_wconf 89' lang='grc'><strong>10</strong></span> <span class='ocrx_word' id='word_1_250' title='bbox 1119 3630 1218 3670; x_wconf 87' lang='lat' dir='ltr'><strong>nomen</strong></span> <span class='ocrx_word' id='word_1_251' title='bbox 1237 3630 1297 3680; x_wconf 78' lang='lat' dir='ltr'><strong>cum</strong></span> <span class='ocrx_word' id='word_1_252' title='bbox 1316 3614 1391 3667; x_wconf 85' lang='lat' dir='ltr'><strong>inter</strong></span> <span class='ocrx_word' id='word_1_253' title='bbox 1405 3613 1432 3667; x_wconf 77' lang='grc'><strong>,4</strong></span> 
     </span>
    </p>

    <p class='ocr_par' dir='ltr' id='par_1_4' title="bbox 285 3699 1433 3771">
     <span class='ocr_line' id='line_1_31' title="bbox 285 3699 1433 3771; baseline 0.001 -17"><span class='ocrx_word' id='word_1_254' title='bbox 285 3699 1040 3771; x_wconf 59' lang='lat' dir='ltr'><strong>iiim-(eaeismmuc.m.1)e11psie⁷e&gt;</strong></span> <span class='ocrx_word' id='word_1_255' title='bbox 1079 3703 1112 3756; x_wconf 80' lang='lat'><strong>14</strong></span> <span class='ocrx_word' id='word_1_256' title='bbox 1131 3703 1218 3756; x_wconf 79' lang='lat' dir='ltr'><strong>maior</strong></span> <span class='ocrx_word' id='word_1_257' title='bbox 1235 3703 1433 3769; x_wconf 62' lang='lat' dir='ltr'><strong>immme-</strong></span> 
     </span>
    </p>

    <p class='ocr_par' dir='ltr' id='par_1_5' title="bbox 281 3787 1432 3860">
     <span class='ocr_line' id='line_1_32' title="bbox 281 3787 1432 3860; baseline 0.003 -19"><span class='ocrx_word' id='word_1_258' title='bbox 281 3787 363 3843; x_wconf 85' lang='lat' dir='ltr'><strong>iorini</strong></span> <span class='ocrx_word' id='word_1_259' title='bbox 380 3788 418 3843; x_wconf 88' lang='lat' dir='ltr'><strong><em>M</em></strong></span> <span class='ocrx_word' id='word_1_260' title='bbox 470 3789 504 3843; x_wconf 85' lang='lat' dir='ltr'><strong>l&#39;l</strong></span> <span class='ocrx_word' id='word_1_261' title='bbox 522 3790 673 3860; x_wconf 72' lang='lat' dir='ltr'><strong>petiissem</strong></span> <span class='ocrx_word' id='word_1_262' title='bbox 738 3790 887 3852; x_wconf 67' lang='lat' dir='ltr'><strong>lautiori</strong></span> <span class='ocrx_word' id='word_1_263' title='bbox 904 3791 943 3844; x_wconf 96' lang='lat' dir='ltr'><strong><em>M</em></strong></span> <span class='ocrx_word' id='word_1_264' title='bbox 994 3792 1028 3844; x_wconf 82' lang='lat' dir='ltr'><strong>sl</strong></span> <span class='ocrx_word' id='word_1_265' title='bbox 1049 3791 1200 3846; x_wconf 83' lang='lat' dir='ltr'><strong>melchiade</strong></span> <span class='ocrx_word' id='word_1_266' title='bbox 1217 3793 1253 3845; x_wconf 72' lang='lat' dir='ltr'><strong>ec</strong></span> <span class='ocrx_word' id='word_1_267' title='bbox 1270 3799 1344 3846; x_wconf 69' lang='lat' dir='ltr'><strong>corr:</strong></span> <span class='ocrx_word' id='word_1_268' title='bbox 1359 3792 1432 3850; x_wconf 65' lang='grc' dir='ltr'><strong>Μ,</strong></span> 
     </span>
    </p>

    <p class='ocr_par' dir='ltr' id='par_1_6' title="bbox 274 3875 1433 3948">
     <span class='ocr_line' id='line_1_33' title="bbox 274 3875 1433 3948; baseline 0 -17"><span class='ocrx_word' id='word_1_269' title='bbox 274 3876 374 3944; x_wconf 70' lang='lat' dir='ltr'><strong>steine</strong></span> <span class='ocrx_word' id='word_1_270' title='bbox 389 3877 449 3931; x_wconf 71' lang='lat' dir='ltr'><strong>uid.</strong></span> <span class='ocrx_word' id='word_1_271' title='bbox 474 3878 598 3933; x_wconf 80' lang='lat' dir='ltr'><strong>miltiade</strong></span> <span class='ocrx_word' id='word_1_272' title='bbox 616 3879 645 3931; x_wconf 90' lang='lat' dir='ltr'><strong><em>P</em></strong></span> <span class='ocrx_word' id='word_1_273' title='bbox 664 3876 798 3933; x_wconf 81' lang='lat' dir='ltr'><strong>melciade</strong></span> <span class='ocrx_word' id='word_1_274' title='bbox 816 3877 924 3945; x_wconf 73' lang='lat' dir='ltr'><strong>Reos</strong></span> <span class='ocrx_word' id='word_1_275' title='bbox 943 3875 1078 3933; x_wconf 85' lang='lat' dir='ltr'><strong>militiede</strong></span> <span class='ocrx_word' id='word_1_276' title='bbox 1095 3878 1134 3932; x_wconf 90' lang='grc' dir='ltr'><em>Μ</em></span> <span class='ocrx_word' id='word_1_277' title='bbox 1149 3877 1275 3933; x_wconf 82' lang='lat' dir='ltr'><strong>miltiade</strong></span> <span class='ocrx_word' id='word_1_278' title='bbox 1293 3877 1325 3932; x_wconf 84' lang='lat' dir='ltr'>F</span> <span class='ocrx_word' id='word_1_279' title='bbox 1338 3877 1433 3948; x_wconf 89' lang='lat' dir='ltr'><strong>mipti·</strong></span> 
     </span>
    </p>

    <p class='ocr_par' dir='ltr' id='par_1_7' title="bbox 281 3960 1434 4034">
     <span class='ocr_line' id='line_1_34' title="bbox 281 3960 1434 4034; baseline 0.001 -17"><span class='ocrx_word' id='word_1_280' title='bbox 281 3960 334 4018; x_wconf 83' lang='lat' dir='ltr'><strong>ede</strong></span> <span class='ocrx_word' id='word_1_281' title='bbox 351 3964 379 4017; x_wconf 77' lang='lat' dir='ltr'><strong><em>A</em></strong></span> <span class='ocrx_word' id='word_1_282' title='bbox 432 3964 606 4034; x_wconf 63' lang='lat' dir='ltr'><strong>hiqnodA</strong></span> <span class='ocrx_word' id='word_1_283' title='bbox 672 3965 996 4034; x_wconf 60' lang='lat' dir='ltr'><strong>temporaneum.)</strong></span> <span class='ocrx_word' id='word_1_284' title='bbox 1018 3965 1047 4020; x_wconf 81' lang='lat' dir='ltr'><strong><em>F</em></strong></span> <span class='ocrx_word' id='word_1_285' title='bbox 1084 3967 1144 4020; x_wconf 66' lang='lat' dir='ltr'><strong>&gt;in</strong></span> <span class='ocrx_word' id='word_1_286' title='bbox 1162 3965 1345 4020; x_wconf 81' lang='lat' dir='ltr'><strong>Caecilianum</strong></span> <span class='ocrx_word' id='word_1_287' title='bbox 1362 3964 1434 4019; x_wconf 88' lang='lat' dir='ltr'><strong>nihil</strong></span> 
     </span>
    </p>

    <p class='ocr_par' dir='ltr' id='par_1_8' title="bbox 238 4051 1435 4301">
     <span class='ocr_line' id='line_1_35' title="bbox 238 4051 1431 4123; baseline 0.001 -18"><span class='ocrx_word' id='word_1_288' title='bbox 238 4105 242 4120; x_wconf 44' lang='grc' dir='ltr'>ι</span> <span class='ocrx_word' id='word_1_289' title='bbox 281 4067 308 4105; x_wconf 76' lang='lat' dir='ltr'><strong>ue</strong></span> <span class='ocrx_word' id='word_1_290' title='bbox 326 4052 355 4106; x_wconf 87' lang='lat' dir='ltr'><strong>in</strong></span> <span class='ocrx_word' id='word_1_291' title='bbox 374 4051 529 4109; x_wconf 70' lang='lat' dir='ltr'><strong>Cndlieno</strong></span> <span class='ocrx_word' id='word_1_292' title='bbox 546 4055 616 4108; x_wconf 86' lang='lat' dir='ltr'><strong>nibil</strong></span> <span class='ocrx_word' id='word_1_293' title='bbox 634 4059 695 4109; x_wconf 82' lang='lat' dir='ltr'><strong>cett.</strong></span> <span class='ocrx_word' id='word_1_294' title='bbox 713 4053 774 4108; x_wconf 74' lang='lat' dir='ltr'><strong>edd.</strong></span> <span class='ocrx_word' id='word_1_295' title='bbox 875 4053 986 4123; x_wconf 84' lang='lat' dir='ltr'><strong>probari</strong></span> <span class='ocrx_word' id='word_1_296' title='bbox 1004 4054 1140 4122; x_wconf 82' lang='lat' dir='ltr'><strong>potuisset</strong></span> <span class='ocrx_word' id='word_1_297' title='bbox 1157 4054 1195 4108; x_wconf 91' lang='grc' dir='ltr'><em>Μ</em></span> <span class='ocrx_word' id='word_1_298' title='bbox 1212 4059 1312 4123; x_wconf 71' lang='lat' dir='ltr'><strong>(poet.</strong></span> <span class='ocrx_word' id='word_1_299' title='bbox 1333 4053 1351 4109; x_wconf 83' lang='lat' dir='ltr'><strong>l.</strong></span> <span class='ocrx_word' id='word_1_300' title='bbox 1371 4070 1431 4122; x_wconf 68' lang='lat' dir='ltr'><strong>sup.</strong></span> 
     </span>
     <span class='ocr_line' id='line_1_36' title="bbox 280 4138 1435 4213; baseline 0.003 -21"><span class='ocrx_word' id='word_1_301' title='bbox 280 4140 358 4210; x_wconf 63' lang='lat' dir='ltr'><strong>m)</strong></span> <span class='ocrx_word' id='word_1_302' title='bbox 373 4138 460 4198; x_wconf 65' lang='grc' dir='ltr'><strong>ΕΑΒ</strong></span> <span class='ocrx_word' id='word_1_303' title='bbox 476 4141 491 4195; x_wconf 79' lang='lat' dir='ltr'><strong>l</strong></span> <span class='ocrx_word' id='word_1_304' title='bbox 507 4142 616 4211; x_wconf 81' lang='lat' dir='ltr'><strong>probari</strong></span> <span class='ocrx_word' id='word_1_305' title='bbox 635 4142 727 4212; x_wconf 81' lang='lat' dir='ltr'><strong>potuit</strong></span> <span class='ocrx_word' id='word_1_306' title='bbox 744 4141 859 4211; x_wconf 81' lang='lat' dir='ltr'><strong>probare</strong></span> <span class='ocrx_word' id='word_1_307' title='bbox 877 4142 1015 4213; x_wconf 85' lang='lat' dir='ltr'><strong>potuisset</strong></span> <span class='ocrx_word' id='word_1_308' title='bbox 1033 4139 1060 4194; x_wconf 89' lang='lat' dir='ltr'><strong><em>P</em></strong></span> <span class='ocrx_word' id='word_1_309' title='bbox 1127 4143 1163 4196; x_wconf 78' lang='lat'><strong>24</strong></span> <span class='ocrx_word' id='word_1_310' title='bbox 1180 4142 1209 4196; x_wconf 89' lang='lat' dir='ltr'><strong>in</strong></span> <span class='ocrx_word' id='word_1_311' title='bbox 1228 4143 1387 4211; x_wconf 71' lang='lat' dir='ltr'><strong>episcopatu</strong></span> <span class='ocrx_word' id='word_1_312' title='bbox 1406 4141 1435 4195; x_wconf 93' lang='lat' dir='ltr'><strong><em>P</em></strong></span> 
     </span>
     <span class='ocr_line' id='line_1_37' title="bbox 281 4226 1168 4301; baseline 0.003 -20"><span class='ocrx_word' id='word_1_313' title='bbox 281 4226 317 4281; x_wconf 79' lang='lat'><strong>26</strong></span> <span class='ocrx_word' id='word_1_314' title='bbox 334 4229 507 4301; x_wconf 60' lang='lat' dir='ltr'><strong>pertinacia-l</strong></span> <span class='ocrx_word' id='word_1_315' title='bbox 529 4235 553 4296; x_wconf 89' lang='lat' dir='ltr'><strong>(s</strong></span> <span class='ocrx_word' id='word_1_316' title='bbox 571 4230 653 4301; x_wconf 81' lang='lat' dir='ltr'><strong>eres.)</strong></span> <span class='ocrx_word' id='word_1_317' title='bbox 671 4229 706 4283; x_wconf 89' lang='lat' dir='ltr'><strong><em>M</em></strong></span> <span class='ocrx_word' id='word_1_318' title='bbox 778 4228 980 4301; x_wconf 72' lang='lat' dir='ltr'><strong>scelestissimi·</strong></span> <span class='ocrx_word' id='word_1_319' title='bbox 994 4233 1019 4298; x_wconf 83' lang='lat' dir='ltr'><strong>(e</strong></span> <span class='ocrx_word' id='word_1_320' title='bbox 1038 4235 1120 4297; x_wconf 74' lang='lat' dir='ltr'><strong>erec)</strong></span> <span class='ocrx_word' id='word_1_321' title='bbox 1140 4230 1168 4284; x_wconf 88' lang='lat' dir='ltr'><em>P</em></span> 
     </span>
    </p>
   </div>
   <div class='ocr_carea' id='block_1_4' title="bbox 0 0 1667 4867">
    <p class='ocr_par' dir='ltr' id='par_1_9' title="bbox 0 0 1667 4867">
     <span class='ocr_line' id='line_1_38' title="bbox 0 0 1667 4867; baseline 0 0"><span class='ocrx_word' id='word_1_322' title='bbox 0 0 1667 4867; x_wconf 95' lang='lat' dir='ltr'><strong> </strong></span> 
     </span>
    </p>
   </div>
  </div>
 </body>
</html>
