3309 4867
600 401 865 472 epistularum
893 401 985 456 LXIX.
1299 404 1364 467 245

218 597 393 676 inuentum,
422 600 468 673 ut,
497 591 581 679 duod
609 597 641 662 iu
671 598 740 661 eius
769 595 862 662 corde
893 596 1021 684 diuinus
1045 614 1149 661 sermo
1173 593 1363 671 aedificarit,

218 714 417 786 nequaquam
440 699 616 786 tempestas
639 702 735 767 huius
759 699 980 785 temptationis
1008 702 1173 777 auerteret,
1202 699 1249 763 sic
1276 703 1364 781 opta·

218 827 291 874 mus
314 812 348 873 et
369 809 575 892 deprecamur
597 828 616 873 a
639 808 776 888 domiuo,
800 813 838 873 ut
855 807 1067 891 consequenti
1085 807 1154 871 uita
1171 810 1205 871 et
1220 805 1363 878 moribus

219 916 287 980 suis
319 916 422 999 magis
454 916 622 999 magisque
654 913 804 991 declaret,
832 934 926 997 quam
955 914 1033 979 bene
1061 916 1210 998 gesturus
1237 912 1364 989 fnisset,

185 1020 304 1103 equod
334 1022 475 1104 profecto
508 1025 642 1105 gereret,
670 1022 698 1086 si
722 1021 783 1087 hoc
806 1022 1010 1104 oportuisset
1037 1020 1230 1085 retribuetur
1253 1019 1280 1083 ei
1304 1037 1364 1101 par

218 1131 353 1206 aeterna,
386 1147 468 1211 quae
499 1128 658 1211 promissa
684 1132 736 1194 est
762 1129 926 1205 ecclesiae,
955 1128 1009 1210 qui
1037 1125 1194 1193 intellexit
1215 1125 1278 1191 sibi
1301 1144 1362 1191 nou

218 1232 372 1317 expedire,
395 1234 481 1318 quod
503 1234 573 1318 paci
595 1254 657 1300 non
681 1233 867 1316 expediebat
889 1233 1051 1299 ecclesiae.

17 1319 26 1334 ’
125 1331 148 1394 2
262 1339 309 1406 Tu
341 1360 428 1416 uero,
462 1341 507 1405 lili
540 1342 715 1419 carissime,
747 1360 808 1429 uon
841 1341 998 1405 mediocre
1026 1338 1179 1424 gaudium
1207 1339 1363 1414 nostrum,

217 1447 273 1528 qui
300 1448 389 1512 nulla
414 1448 472 1512 tali
495 1448 684 1512 necessitate
708 1467 727 1512 a
749 1445 953 1531 suscipiendo
977 1446 1164 1528 episcopatu
1186 1442 1362 1527 impediris,

174 1575 199 1613 ιο
218 1551 310 1617 (lecet
339 1553 480 1618 indolem
507 1558 597 1619 tuam
627 1554 752 1619 Christo
779 1554 812 1619 in
840 1558 873 1618 te
901 1553 1015 1630 dicare,
1040 1551 1124 1635 quod
1148 1549 1246 1616 dedit.
1273 1549 1362 1634 inge-

217 1659 305 1723 nium
332 1660 449 1744 qnippe
477 1664 579 1738 tuum,
607 1659 785 1745 prudentia,
814 1659 1004 1743 eloquentia,
1029 1659 1182 1744 grauitas,
1206 1658 1361 1724 sobrietas

217 1769 251 1830 et
285 1769 400 1846 cetera,
432 1768 550 1849 quibus
583 1769 732 1831 ornantur
762 1785 867 1831 mores
899 1767 959 1843 tui,
991 1766 1073 1832 dona
1105 1768 1181 1829 sunt
1212 1764 1272 1830 dei.
1310 1764 1363 1829 cui

215 1872 332 1938 melius
365 1874 510 1938 seminnt
541 1889 636 1957 quam
664 1873 723 1949 illi,
752 1893 771 1938 a
798 1893 861 1956 quo
889 1873 1010 1942 tributa
1031 1877 1117 1950 sunt,
1141 1877 1179 1937 ut
1201 1876 1234 1937 et
1256 1875 1362 1936 custo·

216 1978 343 2045 diantur
374 1983 408 2045 et
437 1983 622 2064 augeantur
647 1984 679 2044 et
710 1978 913 2062 perficiantur
945 1982 978 2043 et
1007 1981 1267 2046 remunerentur?
1299 1995 1361 2043 non

164 2106 198 2152 aa
216 2086 358 2151 seiuiant
380 2086 454 2152 huic
477 2088 616 2167 saeculo,
639 2104 678 2151 ue
700 2076 963 2151 uanescunt-cum
982 2085 1039 2151 illo
1058 2088 1154 2166 atque
1173 2085 1362 2169 dispereant

215 2211 278 2258 uon
308 2191 365 2257 diu
396 2195 503 2270 tecum
535 2193 566 2256 in
599 2193 660 2258 hoc
687 2192 846 2277 agendum
873 2193 1035 2268 nouimus,
1062 2195 1181 2275 quauta
1205 2191 1362 2258 facilitate

216 2297 397 2364 consideres
428 2298 669 2382 spesinauium
699 2297 863 2364 hominum
892 2302 925 2363 et
946 2298 1361 2384 insatiabilescupiditetes

211 2409 248 2469 et
269 2405 421 2471 incertam
456 2405 566 2471 uitam.
600 2400 690 2471 abice
717 2406 816 2490 igtur
843 2424 880 2470 er
907 2406 1023 2485 auimo,
1046 2406 1198 2490 quicquid
1221 2411 1361 2474 terrenae

215 2515 311 2595 atque
350 2511 450 2577 falsae
485 2511 650 2578 felicitatis
667 2513 904 2596 expectatione
936 2517 1136 2595 conceperam
1169 2531 1297 2596 operare
1328 2515 1361 2582 iu

168 2638 198 2680 no
216 2623 291 2702 agro
324 2617 385 2696 dei,
413 2618 469 2684 ubi
496 2622 602 2684 certus
630 2623 681 2684 est
706 2619 842 2696 fruetus,
869 2619 926 2685 ubi
953 2624 1020 2696 tam
1045 2622 1149 2686 multa
1175 2625 1263 2688 tauto
1288 2626 1360 2688 aute

213 2724 372 2807 promissa
403 2724 562 2808 compieta
593 2729 679 2804 sunt,
715 2729 754 2791 nt
784 2735 836 2804 ea,
875 2743 957 2809 quae
992 2730 1123 2804 restant,
1159 2727 1360 2794 insanissime

215 2829 430 2913 desperentur.
463 2829 667 2896 obsecramus
695 2834 727 2895 te
750 2850 807 2914 per
829 2831 948 2897 Christi
972 2817 1171 2898 diuinitatem
1196 2837 1229 2899 at
1250 2835 1360 2900 huma

214 2937 357 3015 nitatem,
376 2955 561 3021 perpacem
579 2937 727 3002 caelestis
744 2938 834 3003 illius
853 2937 1004 3017 ciuitatis,
1023 2939 1107 3004 undo
1125 2940 1360 3023 peregrinantes

213 3042 321 3109 labore
343 3044 511 3127 temporali
527 3047 693 3140 ‚aeternam
712 3043 857 3127 requiem
881 3063 1112 3129 comparamus,
1131 3048 1168 3110 ut
1186 3045 1218 3110 in
1238 3047 1359 3128 episeo

167 3168 195 3208 e
213 3153 325 3233 patum
348 3150 535 3239 Bagaieusis
558 3151 713 3216 ecclesiae
735 3151 824 3217 fratri
847 3158 903 3216 tuo
927 3170 988 3218 uou
1007 3151 1216 3236 ignominiose
1234 3152 1359 3218 cadenti

214 3255 271 3321 sed
307 3255 445 3340 gloriose
482 3256 608 3323 cedenti
644 3256 808 3323 succedas.
850 3257 941 3340 plebs
977 3258 1044 3337 illa,
1085 3258 1139 3324 cui
1178 3277 1235 3342 per
1269 3262 1388 3333 tuam

213 3365 364 3428 mentem·
375 3381 413 3428 aa
429 3363 572 3448 linguam
591 3363 682 3428 donis
701 3361 752 3430 dei
769 3363 971 3429 fecundatam
991 3369 1024 3429 et
1041 3367 1183 3431 ornatam
1199 3364 1360 3430 uberrima

211 3470 405 3535 incrementa
431 3487 606 3551 speramus,
635 3469 667 3535 iu
694 3473 727 3535 te
754 3469 922 3555 intellegat
948 3471 1077 3537 mtrem
1101 3474 1193 3537 tuum
1216 3489 1278 3535 non
1301 3490 1358 3555 pro

249 3764 266 3818 3
284 3763 343 3817 elta
367 3763 495 3826 moribus,
517 3767 578 3817 aa]
600 3778 669 3818 corr.
692 3763 753 3818 nita
770 3767 799 3819 et
816 3764 938 3819 moribus
960 3764 988 3820 U
1073 3767 1089 3818 4
1110 3781 1189 3835 qnam
1208 3766 1241 3820 isa
1257 3781 1316 3820 rea.
1336 3765 1361 3816 V

212 3850 273 3905 δεῖ
291 3854 320 3905 et
337 3850 390 3904 hoc
409 3848 584 3922 (etiams.)
606 3850 672 3906 Vei
689 3852 717 3906 iu
735 3852 833 3909 11er
885 3850 919 3906 12
937 3856 1027 3907 cetere
1044 3867 1096 3907 om.
1119 3851 1147 3908 U
1199 3853 1233 3907 13
1252 3852 1356 3908 eiedd.

249 3939 402 3994 turbatal'
436 3939 469 3994 15
488 3943 571 4009 atque
589 3938 745 4009 dispereant
763 3957 822 3995 cum
841 3941 890 3995 illo
912 3939 940 3995 U
991 3944 1073 4011 atque
1092 3958 1142 3997 em.
1160 3940 1186 3994 Τ
1222 3940 1255 3994 16
1274 3957 1357 4010 agen·

212 4026 288 4096 dum]
307 4028 484 4098 aagendam
502 4028 533 4081 in
551 4019 696 4097 rus.m.2)
714 4027 740 4081 V
790 4028 945 4098 mergor
994 4026 1229 4098 ltatque10tU
1292 4046 1357 4082 aon·

212 4121 331 4186 ceperat.
349 4133 418 4172 corr.
433 4121 492 4172 ord
510 4131 670 4187 conceperas
693 4117 719 4169 V
739 4133 900 4187 conceperas
924 4116 952 4171 U
1008 4118 1042 4172 21
1062 4108 1197 4186 completa
1214 4119 1278 4170 sunt
1296 4133 1357 4187 pro-

212 4206 297 4259 missa
313 4206 372 4260 edd.
399 4207 445 4270 ,23
464 4205 523 4276 per]
543 4211 571 4260 et
588 4222 638 4277 per
661 4205 685 4258 V
703 4211 762 4277 (per
778 4223 799 4260 a.
817 4223 845 4260 u.
864 4210 934 4270 m.1>
958 4204 985 4262 U
1018 4206 1054 4261 at
1072 4206 1101 4260 in
1120 4205 1277 4276 episcopatu
1297 4204 1357 4259 cdd.

211 4295 248 4349 25
267 4295 421 4364 reginensis
440 4295 518 4350 codd.
537 4295 599 4351 edd.
671 4295 771 4366 aspro
791 4313 841 4351 em.
865 4293 893 4349 U
