3309 4867
616 392 883 460 epistularum
912 391 1008 446 CVIII.
1317 396 1382 462 638

230 584 416 670 plagaretur
434 588 466 649 et
484 586 522 648 ab
541 584 622 668 ipsis
642 586 733 667 quasi
757 586 988 651 mundissimus
1012 592 1179 654 amaretur.
1203 589 1266 653 iam
1284 590 1382 656 talem

232 691 401 758 diaconum
421 696 565 757 nocuum
584 696 618 757 et
635 692 741 773 ipsum
756 709 776 756 a
793 709 852 756 suo
872 692 1056 775 presbytero
1076 694 1384 760 excommunicatum

232 797 381 864 decessor
416 803 493 863 tous
525 797 737 882 rebaptiaauit
768 804 801 863 st
832 803 976 863 uestrum
1009 796 1176 865 diaconum
1208 800 1296 880 iecit,
1328 802 1385 886 qui
1451 869 1453 875 ,

231 924 292 970 non
316 909 391 988 post
412 905 532 970 multos
557 902 625 970 dies
650 903 822 969 eemndem
840 905 1046 987 perditorum,
1071 905 1156 971 sicut
1178 905 1382 987 desiderauit,

201 1011 423 1076 acommixcus
460 1010 591 1075 audacia
629 1014 662 1075 et
702 1010 734 1074 in
771 1014 925 1076 nocturna
965 1011 1169 1095 adgressIona
1208 1012 1241 1077 in
1277 1013 1382 1079 medlo

231 1117 398 1183 latrocinio
413 1120 509 1200 atque
522 1118 668 1183 incendio
684 1136 742 1183 suo
763 1118 982 1184 subuenientis
997 1118 1213 1185 multitudinis
1227 1138 1385 1186 concursu

232 1227 416 1308 peremptus
441 1226 500 1289 est.
529 1224 562 1288 hi
586 1227 662 1288 sunt
684 1224 808 1289 fructus
832 1220 1001 1289 diuisIonis
1025 1224 1133 1303 huius,
1157 1244 1251 1308 qnam
1275 1244 1385 1291 sanare

232 1348 295 1395 nou
329 1329 429 1395 uultis
462 1330 509 1395 sic
542 1329 694 1413 fugiendo
726 1330 894 1408 unitatem,
926 1349 1020 1413 quern
1049 1329 1088 1395 ad
1120 1331 1253 1402 modom
1281 1331 1386 1397 fuerat

233 1436 304 1519 ipsa
321 1436 439 1502 diuisio
463 1436 625 1520 fugienda,
649 1451 731 1518 quae
749 1455 805 1518 per
824 1455 859 1501 se
877 1435 948 1519 ipsa
965 1434 1059 1501 foeda
1076 1438 1128 1502 est
1145 1442 1178 1501 et
1196 1436 1385 1503 damnabiIIs

190 1562 218 1602 ιο
238 1542 307 1621 deo,
341 1541 438 1606 etiam
467 1543 494 1606 si
526 1548 656 1626 propter
682 1542 784 1624 Ipsam
811 1542 890 1608 haec
918 1545 951 1607 ct
976 1543 1055 1607 talia
1080 1544 1146 1608 tam
1173 1541 1327 1608 horrenda
1353 1545 1388 1608 et

236 1648 372 1713 nefanda
393 1667 455 1713 non
482 1648 599 1715 lerant.

32 1752 119 1820 VII
141 1750 188 1815 20
280 1755 502 1839 Agnoscamus
521 1774 606 1839 ergo,
630 1754 866 1837 I1·ater,pacem
887 1753 1006 1820 Christi
1023 1755 1203 1839 pariterque
1221 1757 1386 1821 teneamus

236 1864 278 1941 et,
302 1865 456 1943 qnantum
480 1860 558 1926 deus
582 1859 689 1937 donat,
714 1861 812 1926 simul
834 1861 911 1926 boui
929 1878 1000 1926 esse
1023 1859 1210 1926 studeamus
1234 1862 1267 1925 et
1289 1860 1387 1926 simul

235 1966 337 2033 malos
365 1967 457 2032 salua
484 1967 607 2032 unitate
635 1971 752 2049 quanta
783 1982 958 2051 possumus
985 1965 1155 2050 disciplina
1181 1965 1387 2031 amandemus

190 2094 217 2134 rs
236 2078 269 2139 et
282 2077 411 2158 proptor
424 2074 526 2158 ipsam
542 2073 698 2138 unitatem
714 2076 834 2154 quanta
844 2091 1017 2156 possumus
1035 2072 1190 2157 patientIa
1202 2071 1387 2151 toleramus,

234 2200 285 2254 ne.
327 2180 411 2247 eiciat
449 2178 596 2246 Christus
633 2177 810 2253 admonuit,
847 2193 921 2244 eum
961 2179 1130 2266 nolumus„
1150 2176 1222 2244 aute
1259 2183 1387 2262 tempus

235 2286 384 2371 colligere
417 2286 546 2364 zizania,
584 2304 665 2369 quse
697 2285 812 2350 beatus
846 2284 1021 2369 cyprianus
1052 2303 1114 2350 non
1147 2287 1234 2349 extra
1266 2284 1388 2349 sedin

236 2394 371 2460 ecclesus
407 2391 509 2457 uideri
542 2392 691 2474 cernique
722 2394 861 2457 testatus
894 2392 954 2469 est,
991 2388 1188 2457 eradIcomns
1225 2385 1322 2456 simul
1355 2392 1389 2455 st

234 2498 390 2572 triticum.
423 2517 525 2580 nsque
553 2497 638 2563 onim
670 2516 703 2562 re
731 2515 808 2562 uera
835 2516 894 2562 nos
921 2496 1045 2562 habetis
1077 2496 1204 2580 propris
1231 2494 1387 2581 quaedam

190 2627 219 2670 ao
235 2602 405 2687 priuilegia
427 2601 620 2681 sanctitatis,
648 2604 687 2667 nt
713 2621 770 2667 nos
794 2601 940 2686 polluant
961 2601 1038 2666 mali
1060 2602 1162 2668 nostri
1185 2606 1217 2667 et
1240 2619 1300 2667 uos
1322 2616 1386 2666 non

235 2709 383 2791 polluant
404 2709 481 2773 mali
503 2709 615 2786 nestri,
645 2709 682 2773 ut
703 2727 762 2773 nos
785 2707 915 2793 antiqua
938 2708 1141 2786 contamInet
1170 2727 1264 2791 quam
1286 2707 1388 2773 nesci·

237 2834 320 2893 mus,
352 2813 509 2880 timiditas
540 2814 732 2880 tradideram
761 2818 793 2879 et
824 2833 883 2881 uos
916 2833 977 2882 non
1005 2815 1198 2880 contaminet
1227 2831 1387 2898 praeseus,

237 2940 332 3005 quam
359 2920 488 3000 uidetis
520 2920 652 2986 audacia
683 2920 890 3004 perdideram.
919 2938 1130 3005 agnoscamus
1157 2939 1261 2985 arcam
1285 2918 1387 2999 illam,

236 3016 318 3109 quae
354 3024 593 3112 praetigurauit¹
618 3025 800 3101 ecclesiam
844 3025 941 3091 simul
981 3023 1048 3091 illic
1084 3026 1204 3091 munda
1240 3024 1390 3091 animalis

192 3158 219 3198 aa
238 3132 340 3198 simus
368 3151 426 3197 nec
453 3134 486 3198 in
514 3152 550 3197 ea
582 3132 749 3198 uobiscum
778 3132 874 3197 etiam
902 3131 1054 3198 lamunda
1079 3133 1198 3217 portari
1224 3150 1328 3214 usquo
1354 3130 1386 3195 in

332 3356 364 3410 16
383 3354 482 3408 Meton.
503 3355 545 3419 13,
564 3354 599 3409 29
655 3354 688 3408 17
709 3353 788 3424 Cypr.
807 3371 848 3425 op.
868 3355 914 3422 cl,
932 3353 948 3409 3
967 3371 993 3424 p.
1012 3353 1074 3419 622,
1096 3354 1200 3409 13-17
1220 3355 1261 3409 ed.
1281 3355 1388 3411 Hartel.

277 3498 290 3551 1
311 3499 466 3568 pergeretur,
485 3511 555 3551 corr.
574 3501 636 3550 m.1
655 3495 813 3567 plagaretur
826 3495 855 3549 P
870 3492 1027 3566 plagaretur
1046 3494 1112 3547 add.
1131 3495 1163 3548 ἐκ
1181 3496 1305 3566 margine
1323 3511 1387 3550 con·

238 3584 345 3639 wara
362 3583 502 3638 leuaretur
521 3601 536 3638 r
590 3589 740 3638 armaretur
758 3585 808 3649 (εἰς
819 3588 840 3650 !)
860 3584 893 3637 de
912 3584 966 3637 isto
984 3582 1141 3638 marcellino
1161 3583 1282 3638 scribens
1301 3584 1386 3638 eccle·

239 3672 297 3727 sine
322 3672 446 3727 colonum
473 3672 524 3727 dle.
550 3672 606 3727 iana
628 3672 712 3726 talem
736 3672 763 3726 P
786 3675 922 3725 amaretur
946 3669 979 3725 de
1005 3672 1058 3724 iste
1083 3670 1239 3725 Marcellino
1265 3671 1387 3725 scribens

240 3760 370 3815 ccclesiae
390 3761 515 3816 colonum
534 3760 612 3828 dicis,
630 3760 684 3814 ism
704 3759 786 3814 talem
806 3760 860 3815 VII
869 3760 940 3825 lsr‚·
957 3760 1058 3829 optimo
1078 3758 1388 3813 accelerassemus·

239 3849 326 3904 serbo
351 3848 385 3904 de
407 3850 463 3904 isto
485 3849 644 3905 lIsrceIIIno
667 3849 787 3904 scribens
811 3848 941 3903 ecclesiae
965 3849 1089 3902 colonum
1112 3847 1180 3902 dicit
1198 3853 1389 3916 apmeruat

239 3944 275 3993 st
288 3939 541 4009 macconem
559 3939 684 3993 alienam
702 3955 736 3992 sa
749 3955 789 4006 cp.
806 3936 976 3999 CXXXIX.
991 3939 1011 3991 2
1024 3935 1092 3991 med.
1112 3937 1263 4003 consectam
1281 3940 1308 3990 et
1325 3936 1390 3990 huic

242 4026 301 4082 loco
319 4028 476 4098 despesos«
494 4028 667 4097 adscrtptam
764 4025 928 4080 nandeciso
952 4023 1005 4081 Π]
1022 4023 1081 4079 cdd.
1179 4027 1196 4079 6
1215 4031 1343 4103 concursu
1362 4023 1391 4078 P

241 4115 258 4169 9
276 4132 325 4186 per
341 4132 372 4170 se
389 4116 478 4187 ipsam
503 4115 554 4169 I'U
570 4114 630 4172 edd.
690 4158 693 4163 .
741 4114 774 4168 10
793 4115 876 4169 etiam
895 4113 928 4184 el]
948 4115 1000 4168 etsi
1023 4112 1077 4167 VI]
1095 4113 1155 4168 cdd.
1252 4113 1306 4166 elia
1329 4112 1389 4167 Vns

242 4204 276 4258 17
295 4211 372 4260 enm
388 4220 418 4260 se
437 4203 485 4258 sed
505 4202 624 4259 VUIsr
669 4204 704 4258 20
724 4204 784 4273 nos]
804 4197 854 4256 uos
876 4201 932 4258 Vn
949 4203 1005 4258 Iar
1057 4202 1117 4272 nos]
1138 4218 1215 4257 noso
1259 4202 1294 4256 22
1312 4200 1387 4255 timi-

241 4291 336 4349 du?
383 4294 418 4350 25
437 4293 520 4347 simus
539 4310 600 4357 ona,
618 4294 651 4346 in
668 4309 753 4362 marg.
774 4289 840 4345 add.
864 4289 998 4346 Usamus
1017 4290 1044 4343 P
1117 4307 1148 4344 ne
1166 4291 1194 4345 P
