3309 4867
281 382 346 446 632
643 379 670 432 8.
698 378 837 432 Aureli
865 379 1093 457 Augustini

230 581 271 645 18
325 571 463 657 Fugitnr
489 571 607 643 unitas,
635 575 672 635 ut
699 591 757 637 nos
786 571 939 638 aduersus
967 576 1148 640 uestrorum
1177 575 1321 641 —nolo
1349 577 1434 642 enim

281 684 407 745 uestras
435 679 540 743 dicere
567 715 610 725 -ψ-
643 677 850 762 inprobitates
879 698 1069 762 quaeramus
1102 680 1248 763 publicas
1279 681 1369 766 leges
1401 687 1436 749 et

283 786 436 852 aduersus
463 785 552 868 ipsus
580 784 669 869 leges
698 787 860 849 armentur
883 782 1175 862 Circumcelliones,
1199 806 1278 870 ques
1302 806 1339 853 eo
1361 788 1434 873 ipso

283 893 388 958 furore
410 892 625 968 contemnant,
649 909 711 974 quo
739 891 771 956 iu
801 909 863 956 uos
887 910 952 967 eas,
976 909 1049 956 cnm
1072 892 1224 970 iurarent,
1250 894 1434 963 arctarunt.

283 998 407 1082 fugitur
432 997 552 1074 unitas,
580 999 750 1062 utcontra
776 1015 979 1081 possessores
1007 1017 1083 1063 suos
1110 1000 1273 1065 rusticana
1296 1001 1437 1087 erigetur
1467 1022 1485 1063 s

284 1104 416 1170 audacia
439 1108 473 1169 et
499 1103 632 1188 fugitiui
661 1104 746 1168 serui
774 1107 884 1168 contra
909 1104 1119 1187 apostolicam
1147 1105 1345 1191 disciplinam
1373 1128 1435 1174 non

284 1211 388 1277 solum
408 1210 579 1277 adomiuis
598 1211 785 1286 alienentur,
804 1229 918 1275 uerum
933 1211 1028 1276 etium
1049 1211 1186 1278 dominis
1205 1214 1437 1280 comminentur

284 1337 342 1384 nec
369 1317 474 1384 solum
499 1316 741 1393 comminentur,
769 1317 827 1383 sed
850 1321 883 1382 et
908 1317 1154 1385 uiolentissimis
1177 1318 1436 1404 adgressionibus

285 1423 516 1509 depraedentur
531 1423 715 1489 auctoribus
739 1425 772 1488 et
794 1423 932 1490 ducibus
955 1427 989 1489 et
1010 1424 1042 1488 in
1065 1425 1135 1508 ipso
1154 1415 1273 1492 scelere
1291 1427 1437 1511 principi-

284 1530 347 1597 bus
365 1529 553 1617 agonisticis
573 1530 809 1596 confessoribus
827 1532 956 1611 uestris,
976 1531 1031 1614 qui
1050 1531 1090 1597 ad
1102 1532 1171 1597 ‘deo
1190 1532 1313 1612 mutes?
1326 1525 1437 1598 ornuut
1455 1557 1487 1598 ro

286 1638 438 1703 honorem
456 1639 613 1715 uestrum,
636 1634 676 1701 ad
696 1636 765 1702 ‘deo
783 1636 909 1703 laudes’
926 1636 1064 1704 tundunt
1082 1639 1269 1725 sanguinem
1288 1640 1437 1717 alienum,

286 1750 324 1809 ut
359 1763 419 1809 uos
455 1747 584 1827 propter
620 1742 787 1808 hominum
822 1741 978 1814 inuidiam
1010 1744 1155 1810 collectis
1191 1746 1309 1812 nestris
1340 1750 1437 1831 atque

286 1850 440 1917 discursis
459 1848 654 1934 promittetis
672 1849 806 1932 praedas
825 1850 883 1929 eis,
907 1869 926 1915 a
945 1848 1062 1933 quibus
1080 1851 1204 1916 ablatae
1227 1855 1313 1928 eunt,
1334 1852 1438 1917 reddi-

286 1961 376 2023 turos
394 1976 452 2023 nec
471 1960 578 2022 tamen
597 1960 630 2022 et
651 1954 712 2022 hoo
730 1956 842 2021 uelitis
861 1959 899 2022 ut
920 1956 1058 2023 ualeatis
1080 1956 1223 2041 implere,
1246 1977 1286 2023 ne
1308 1957 1437 2025 illorum

287 2064 462 2142 audaciam,
482 2081 578 2147 quam
597 2062 659 2128 sibi
680 2066 879 2146 putauemnt
894 2063 996 2129 uasti
1019 2064 1198 2148 presbyteri
1215 2064 1436 2145 necessariam,
1457 2088 1486 2130 rs

286 2172 421 2235 nimium
454 2168 613 2255 cogamini
642 2166 813 2246 offendam
846 2169 967 2234 iactant
993 2170 1078 2234 enim
1107 2170 1329 2254 praecedentis
1355 2171 1440 2236 circa

287 2295 347 2342 uos
365 2276 478 2341 merita
496 2294 557 2341 sua
569 2276 822 2342 demonstrantes
838 2278 871 2341 et
884 2279 1104 2346 enumerantes
1117 2279 1191 2342 ante
1209 2276 1306 2343 istam
1323 2278 1439 2362 legem,

288 2403 352 2468 qua
373 2382 522 2468 gaudetis
547 2381 640 2448 uobis
658 2381 815 2447 redditum
833 2381 1025 2461 libertatem,
1049 2384 1131 2465 quot
1149 2382 1221 2448 loca
1238 2385 1273 2447 et
1287 2381 1438 2448 basilicas

288 2507 345 2574 per
362 2508 417 2555 eos
439 2488 617 2574 presbyteri
634 2488 736 2554 nestri
759 2488 897 2555 uastatis
914 2488 1033 2555 uostris
1056 2489 1239 2574 fugatisque
1257 2491 1439 2568 tenuerunt,

290 2598 337 2674 ut,
365 2596 392 2662 ei
420 2594 452 2659 in
482 2612 538 2659 eos
565 2593 732 2661 uolueritis
761 2599 833 2661 esse
865 2595 980 2674 seueri,
1012 2593 1175 2661 beneficiis
1203 2613 1313 2662 eorum
1345 2614 1440 2680 appa·
1457 2620 1487 2662 no

290 2701 386 2771 neatis
408 2700 534 2786 ingrati.

240 2803 280 2866 19
334 2808 472 2893 ungitur
489 2806 607 2881 unitas,
631 2812 678 2886 ut,
701 2803 898 2892 quicumque
915 2809 1001 2894 apud
1019 2827 1076 2874 nos
1094 2809 1176 2875 ferre
1195 2806 1443 2877 detisctaueu'ut

292 2914 504 2999 disciplinam,
533 2915 573 2980 ad
601 2914 674 2980 illos
703 2916 829 3000 fugiant
856 2915 1054 2992 defendendi,
1087 2920 1126 2981 ut
1150 2907 1244 2982 uobis
1273 2915 1442 2982 offerantur

291 3020 517 3104 rebaptizandi,
538 3022 624 3087 sicut
639 3023 703 3088 iste
722 3023 761 3087 de
780 3042 858 3108 agre
878 3024 1093 3091 subdiaconus
1112 3023 1329 3099 Rusticianus,
1349 3024 1441 3090 ouius

292 3147 389 3194 causa
415 3128 493 3192 haec
518 3127 557 3192 ad
580 3133 612 3193 te
636 3129 774 3198 scribere
796 3148 911 3215 magno
936 3148 1006 3196 sum
1032 3129 1139 3195 dolore
1162 3147 1199 3195 ac
1221 3129 1336 3195 timore
1358 3137 1442 3195 com·
1460 3152 1490 3194 rs

292 3234 416 3320 pulsus,
439 3237 567 3318 propter
594 3234 744 3317 reprobos
773 3238 806 3300 et
832 3254 1000 3317 parnenses
1024 3252 1129 3300 mores
1153 3235 1443 3304 excommunicatus

294 3363 313 3409 o
343 3342 529 3426 presbytero
562 3361 632 3418 suo,
671 3344 846 3408 multorum
879 3342 976 3408 etiam
1007 3342 1039 3406 in
1072 3333 1129 3406 illa
1159 3341 1289 3426 regione
1319 3342 1445 3407 debitor

293 3449 396 3514 factus
425 3451 458 3513 et
485 3451 596 3513 contra
622 3449 877 3514 ecclesiasticum
904 3449 1049 3534 uigorem
1078 3452 1111 3513 et
1138 3451 1248 3514 contra
1274 3446 1445 3513 creditores

294 3575 371 3622 suos
400 3554 488 3620 eliud
516 3554 711 3638 praesidium
738 3574 799 3620 uon
829 3554 1001 3640 quaesiuit,
1029 3554 1092 3622 nisi
1120 3556 1157 3619 ut
1183 3553 1240 3620 abs
1268 3557 1300 3618 te
1327 3553 1443 3620 iterum

332 3919 519 3983 lnostrorum
539 3919 567 3973 P
633 3919 737 3988 dquos
755 3918 784 3972 Ρ
850 3917 1085 3974 8uidentissin1is
1107 3916 1182 3972 ΠΗ
1199 3907 1447 3974 euidentisulmtsa

297 4009 330 4064 10
349 4008 393 4063 dei
410 4007 464 4063 VU
481 4007 542 4065 eod.
600 4008 631 4062 ll
651 4010 772 4062 uestrum
792 4007 840 4078 qui
859 4007 894 4064 sd
912 4006 967 4063 VU
983 4006 1044 4064 edd.
1117 4007 1162 4062 dei
1184 4006 1240 4062 VU
1256 3996 1317 4061 edel.
1388 4005 1445 4064 liu·

296 4097 344 4152 des
364 4101 529 4163 (smoorr.
548 4093 862 4168 ar.1;faeitsscnt?)P
953 4098 986 4150 12
1004 4094 1156 4150 innidisP
1236 4096 1269 4151 15
1288 4092 1448 4150 audacis?

298 4188 331 4242 18
346 4186 417 4256 quod
436 4185 515 4240 codd.
535 4185 729 4254 edd3um'pss'
743 4188 811 4254 quot
867 4186 900 4240 19
918 4185 1022 4254 iugatis
1041 4185 1136 4256 qqu
1193 4184 1228 4238 24
1246 4183 1399 4239 rusticanus
1421 4181 1449 4238 U

296 4277 332 4330 29
351 4276 407 4329 sliu
425 4275 454 4329 P
