3309 4867
318 316 382 379 lit
673 316 700 372 S.
729 315 867 372 Aureli
895 319 1116 387 Augustini

318 508 469 591 corporis,
493 509 591 578 sicuti
610 513 661 576 set
684 509 849 594 sapientia,
870 531 950 595 quas
969 489 1075 579 meiito
1093 513 1257 580 intellecta
1275 510 1474 596 conspicitur

318 620 350 680 et
377 616 408 680 iu
434 617 525 682 cuius
553 619 625 682 luce
654 616 692 682 lle
719 616 769 684 his
794 617 942 684 omuibus
970 619 1127 685 ueraciter
1153 619 1323 697 iudicatur,
1350 620 1471 702 inquo

317 722 453 788 istorum
472 742 584 807 genere
598 722 789 789 credundum
810 729 862 790 est
879 743 948 790 osse
962 725 1069 804 istam,
1085 744 1180 809 qnam
1195 729 1288 792 nosse
1307 726 1470 800 uolumus,

318 829 515 895 trinitatem?
542 831 684 912 prolecto
713 833 770 895 aut
792 831 824 895 in
850 829 956 914 aliquo
981 835 1038 897 aut
1058 833 1092 896 in
1115 832 1214 898 nulio.
1243 832 1271 898 si
1294 832 1327 898 iu
1350 832 1470 915 aliquo,

320 955 356 1000 eo
375 935 498 1018 ntique,
518 935 603 1018 quod
621 939 672 1000 est
690 935 761 1001 aliis
781 935 907 1001 dnobus
916 937 1151 1020 praestantius,
1176 938 1261 1004 mont
1280 941 1331 1003 est
1348 927 1470 1019 sapien·
1501 963 1517 1003 s

319 1040 375 1107 tia.
399 1041 484 1126 quod
507 1042 534 1106 si
558 1041 676 1108 donum
701 1042 771 1109 eius
794 1043 826 1107 in
849 1043 940 1109 nobie
965 1047 1016 1109 est
1038 1048 1071 1109 et
1093 1044 1199 1109 minus
1223 1047 1275 1110 sst
1297 1061 1392 1128 qnam
1406 1041 1472 1107 ‘illa

321 1167 446 1213 summa
464 1151 497 1214 et
518 1148 802 1226 incommutabilis,
825 1169 907 1233 quse
925 1150 981 1215 dei¹
999 1149 1157 1233 sapientia
1175 1149 1292 1216 dicitur
1314 1187 1358 1197 -
1380 1152 1469 1231 puto.

320 1255 405 1338 quod
432 1274 493 1320 non
523 1254 676 1321 debemus
704 1253 786 1322 douo
813 1276 874 1323 suo
902 1257 1035 1322 iuferius
1059 1256 1199 1342 cogitare
1223 1257 1392 1324 donantem
1414 1292 1470 1332 —,

321 1362 352 1434 si
385 1365 493 1428 autem
510 1383 514 1390 ·
530 1360 646 1445 uliquis
685 1361 833 1445 splendor
864 1363 934 1432 eius
965 1363 998 1436 in
1031 1363 1123 1429 nobis
1157 1367 1217 1441 ast,
1250 1382 1332 1447 quas
1363 1365 1471 1427 nostra

320 1467 477 1551 sapientia
503 1467 629 1546 dicitur,
659 1472 950 1552 quantumcumque
983 1469 1053 1535 eius
1086 1488 1156 1552 per
1187 1469 1399 1554 speculum
1430 1471 1471 1534 et
1489 1493 1516 1532 ιο

321 1575 358 1638 in
388 1571 617 1657 aenigmate
645 1591 755 1659 capere
783 1593 966 1658 possumus,
996 1577 1124 1659 oportet
1150 1596 1220 1642 sam
1248 1580 1281 1642 st
1309 1576 1348 1641 ab
1372 1574 1470 1640 omui·

321 1680 382 1745 bus
401 1680 585 1763 corporibus
606 1684 639 1745 et
662 1680 700 1745 ab
720 1681 868 1747 omnibus
892 1700 1058 1765 corporum
1082 1681 1348 1749 similitudinibus
1370 1700 1470 1747 secer·

322 1805 444 1852 namus.
1277 1850 1279 1853 Α

271 1899 311 1963 12
367 1891 536 1970 Siautsm
566 1892 598 1957 in
632 1893 719 1958 nullo
752 1893 889 1959 istorum
918 1912 1033 1978 genero
1061 1913 1133 1961 esse
1160 1894 1302 1980 putanda
1329 1897 1380 1960 est
1409 1894 1472 1958 ista

322 1998 448 2064 trinitas
476 2003 508 2064 ct
535 1998 582 2064 sic
610 2002 660 2064 ost
687 1998 872 2067 inuisibilis.
900 2004 939 2066 ut
965 2018 1024 2066 noc
1050 2004 1157 2080 mente
1184 2000 1341 2079 uideatur,
1369 2001 1470 2067 multo
1490 2023 1517 2063 rs

321 2105 427 2188 minue
447 2104 485 2170 de
508 2105 565 2170 illa
586 2105 684 2171 buius
706 2104 792 2171 modi
816 2106 996 2189 opinionum
1020 2107 1136 2172 habers
1158 2108 1323 2186 debemus,
1346 2112 1385 2172 ut
1402 2125 1469 2172 sam

321 2203 418 2277 rebus
437 2212 652 2296 corporalibus
675 2212 728 2277 uel
751 2213 962 2302 corporalium
986 2221 1091 2279 rorrtm
1115 2214 1310 2299 imaginibus
1334 2213 1471 2280 similem

323 2337 394 2384 esse
409 2318 584 2385 credamus.
599 2338 660 2384 nou
678 2319 761 2384 enirn
776 2338 908 2403 corpora
921 2320 1157 2403 pulchritudine
1172 2322 1273 2408 molis
1282 2323 1339 2387 aut
1351 2318 1470 2404 magui·

323 2425 433 2490 tudina
452 2428 580 2508 superat
600 2426 656 2492 ssd
671 2426 934 2492 dissimilitudine
954 2445 990 2492 ac
1005 2425 1216 2511 disparilitate
1236 2416 1366 2493 na'turaa
1386 2431 1427 2506 st,
1441 2426 1470 2491 si

323 2531 460 2597 discreta
477 2536 528 2596 est
546 2550 565 2597 a
583 2532 816 2615 comparatione
836 2531 990 2598 bonorum
1014 2534 1112 2599 animi
1130 2533 1243 2612 nostri,
1267 2533 1375 2617 qualia
1397 2535 1473 2597 suut
1490 2554 1517 2594 ss

323 2637 489 2720 sapientia,
503 2637 638 2714 iustitia,
654 2638 780 2718 caritas,
802 2639 934 2704 castitas
954 2644 986 2705 et
1004 2642 1110 2705 cetera
1127 2640 1215 2719 talis,
1232 2660 1313 2724 quas
1331 2639 1473 2722 prolecto

323 2763 384 2809 uon
403 2745 487 2809 mole
506 2745 645 2828 corporis
663 2744 832 2828 pendimus
851 2764 909 2811 nec
927 2763 1037 2811 sorum
1057 2746 1149 2829 quasi
1167 2765 1333 2830 corporeas
1356 2745 1473 2812 formas

324 2851 515 2935 cogitatione
538 2850 724 2936 figuramus,
748 2850 805 2916 ssd
823 2871 871 2930 sa,
895 2852 1019 2935 quando
1042 2858 1130 2918 recte
1152 2852 1382 2937 intellegimus,
1406 2850 1474 2916 siue

323 2956 431 3040 aliqua
447 2957 643 3041 corpulentia
665 2957 719 3023 uel
742 2958 952 3024 similitudine
972 2958 1187 3043 corpulentiae
1204 2960 1237 3025 in
1260 2960 1333 3026 luce
1356 2958 1474 3023 mentis

324 3063 508 3147 aspicimus,
533 3067 650 3148 quanto
679 3068 729 3129 est
756 3065 794 3130 ab
820 3064 960 3130 omnium
986 3065 1178 3148 qualitatum
1202 3069 1235 3131 et
1258 3065 1472 3149 quantitatum
1492 3086 1521 3129 ss

324 3169 535 3255 corporalium
553 3171 787 3253 comparatione
810 3171 990 3238 discretiori
1015 3190 1075 3239 nou
1100 3190 1170 3237 sam
1193 3174 1298 3238 nmen
1321 3190 1342 3237 a
1365 3173 1473 3236 nostro

415 3429 480 3487 101
499 3429 559 3485 Cor.
580 3430 622 3494 la,
644 3430 677 3484 12

354 3563 374 3645 ¹l
395 3589 477 3645 sicuti
496 3593 538 3644 cst
555 3605 606 3645 aar.
630 3588 743 3644 Tsicut
761 3592 804 3644 est
822 3587 882 3643 cdd.
964 3588 1110 3668 sapientia,
1129 3592 1193 3646 sr.2
1210 3604 1298 3659 supra
1316 3588 1331 3643 l
1348 3586 1476 3658 superbis

327 3679 353 3733 Τ
369 3677 534 3750 superbiaP
547 3682 623 3744 (aaz
639 3693 728 3747 supra
746 3676 894 3748 sapientis)
917 3676 951 3732 1¹¹
971 3678 1042 3746 (Μ
1059 3677 1179 3747 suprad
1196 3663 1284 3748 sapis)
1364 3675 1473 3746 alra]

324 3764 405 3822 laude
422 3765 516 3822 ΡΤΥι
563 3766 623 3821 obis
640 3766 668 3821 B
685 3766 739 3821 hiis
760 3766 784 3822 0
838 3764 1037 3822 derodendum
1057 3769 1100 3821 srt
1118 3775 1216 3837 gruere
1238 3764 1357 3821 ΟΡΤΤι
1408 3759 1475 3820 bet

332 3856 425 3927 ninus]
444 3856 533 3910 minus
552 3860 616 3923 (ora.
635 3858 674 3922 et)
694 3855 773 3910 codd.
869 3855 885 3908 9
905 3854 999 3924 aliqui,
1018 3870 1088 3910 corr.
1108 3867 1142 3914 as.
1161 3861 1194 3911 ut
1210 3854 1271 3911 aeid.
1289 3857 1311 3912 2
1328 3852 1428 3924 aliquis
1445 3851 1476 3919 B

361 3960 430 4015 qnae
447 3944 553 4015 notua]
572 3943 705 4014 quaedum
722 3943 817 3999 Pru·
868 3944 903 3998 14
921 3959 981 3998 essa
999 3937 1058 3999 ora.'
1074 3941 1153 3999 OPT
1170 3944 1262 3999 larus
1315 3945 1360 3998 est
1376 3957 1428 3998 oss.
1450 3939 1477 3995 T

359 4033 469 4089 trinitas
486 4032 542 4088 ists
555 4032 583 4087 B
597 4031 694 4102 (siquis
712 4039 792 4100 corr.)
810 4031 928 4089 ΟΡΤΤι
964 4032 998 4087 15
1017 4031 1168 4087 inuisibilis
1185 4040 1236 4088 oui.
1253 4031 1332 4089 OPT
1366 4032 1400 4087 it
1415 4031 1475 4102 opi·

325 4123 406 4178 nicus
429 4121 454 4176 Τ
555 4121 588 4175 17
605 4136 696 4175 rerum
712 4121 893 4192 corporalium
915 4118 970 4175 Γ*μ
1059 4121 1095 4175 22
1112 4120 1184 4177 mole
1202 4121 1322 4192 corporis
1340 4135 1395 4175 nou
1412 4117 1476 4176 dd.

322 4215 435 4283 praeter
453 4227 495 4265 cs
547 4211 584 4265 24
600 4208 688 4265 lucem
709 4208 790 4265 oPr
