3309 4867
461 478 728 549 epistularum
756 443 854 535 exin.
883 478 976 536 cxiv.
1006 457 1094 536 cerv.¹

160 715 167 734 =
222 678 433 752 recitatuest‚
456 675 675 740 tamenetiem
699 694 780 740 nnnc
800 695 962 741 eumcum
985 651 1034 740 hii
1057 675 1174 742 litteris
1197 676 1371 742 identidem

29 782 34 790 '
222 784 297 849 misi
323 800 385 848 nou
412 786 533 847 terrens
561 782 615 847 sed
644 788 758 867 rogans
786 785 819 847 et
845 801 901 865 pro
928 782 1055 847 homine
1083 783 1219 847 humens
1247 787 1280 850 et
1307 783 1370 865 epi·
1477 779 1478 786 ’

223 889 345 973 scopeli
376 887 603 966 misericordia,
636 892 790 970 quantum
825 888 896 971 ipsa
933 889 1090 971 permittit
1125 889 1307 954 humanitus
1339 892 1372 955 et

12 1080 15 1089 .
223 997 335 1079 pietas,
364 994 572 1072 intercedens,
600 994 726 1062 domine
754 993 808 1060 tili.
838 998 876 1060 ut
899 998 931 1060 et
950 995 1017 1060 >hoo
1045 995 1270 1062 existimationi
1296 997 1372 1061 tuae

190 1106 258 1175 eet
282 1101 429 1185 petitioni
455 1119 545 1165 meae
572 1105 733 1185 proestare
756 1102 894 1186 digneris
918 1104 960 1180 et,
983 1103 1069 1185 quod
1094 1101 1145 1167 lex
1172 1101 1370 1186 imperatoris

222 1209 322 1286 iubet,
350 1208 442 1272 onius
470 1206 516 1271 rei
547 1206 694 1289 publicae
721 1207 851 1284 milites,
879 1226 950 1273 meo
979 1225 1104 1291 quoque
1131 1209 1311 1273 interuentu
1339 1212 1373 1273 et
1454 1281 1456 1284 ,

14 1306 16 1314 '
139 1307 143 1314 ’
223 1314 444 1398 deprecatione
468 1313 636 1380 accedente
659 1313 760 1379 iecere
784 1334 846 1381 non
870 1315 1026 1400 moene,

749 1505 844 1573 CXV.
999 1563 1002 1568 s

222 1643 367 1718 nomo
393 1639 610 1700 sedimento
636 1644 682 1699 ΕΤ
704 1636 998 1700 venundemus
1021 1643 1214 1702 comssluo
1236 1644 1370 1701 ussum

13 1752 18 1762 ι
45 1713 82 1820 ef
178 1758 205 1798 ω
222 1733 269 1789 nr
288 1731 567 1809 consecr-:enom
584 1715 811 1788 donnonsso'
823 1727 870 1788 nn
889 1732 954 1800 our
971 1733 1094 1791 recuro
1112 1733 1206 1789 somn
1223 1733 1370 1791 ussuru-

427 1820 497 1876 BUS
514 1820 744 1878 AUGUSTINUS
764 1821 804 1878 IN
822 1822 969 1879 DOMINO
989 1823 1164 1879 SALUTEM.

267 1948 458 2014 quentium
476 1948 555 2013 bene
574 1948 665 2014 uouit
683 1949 835 2014 sanctitas
853 1953 920 2024 tus,
940 1948 996 2032 qui
1012 1948 1246 2015 Paratianensis
1266 1951 1369 2015 saltus

222 2055 397 2122 conductor
418 2054 488 2120 fuit.
513 2054 541 2118 is
561 2073 635 2119 cum
653 2053 692 2119 ab
711 2053 855 2120 eiusdem
878 2055 1091 2137 possessionis
1112 2055 1238 2121 domino
1261 2056 1369 2132 nescio

223 2160 300 2246 quid
332 2159 393 2225 sibi
423 2162 591 2235 metueret,
623 2159 663 2224 ed
689 2158 939 2242 Hipponiensem
972 2161 1117 2246 confugit
1143 2157 1309 2227 ecclesium
1338 2166 1371 2227 et

13 2247 79 2329 ris-⁴5⁵
178 2292 204 2333 re
221 2267 268 2332 ibi
300 2269 377 2344 eret,
415 2269 453 2330 ut
483 2263 703 2350 confugientes
736 2268 849 2348 solent,
883 2269 1060 2350 expectens,
1093 2287 1156 2350 quo
1188 2268 1281 2334 modo
1313 2288 1370 2350 per

221 2375 481 2443 intercessionem
505 2376 647 2438 nostram
674 2391 733 2437 sue
755 2372 884 2456 negotia
905 2373 1097 2456 terminaret
1123 2374 1187 2456 qui,
1215 2379 1252 2439 ut
1274 2393 1370 2461 saepe

221 2482 269 2562 flt,
297 2479 444 2567 perdice
471 2479 615 2564 singulos
639 2478 744 2542 miuus
769 2479 938 2562 minusque
965 2479 1124 2546 sollteitus
1148 2483 1180 2545 et
1202 2480 1295 2564 quusi
1316 2481 1369 2546 ed·

221 2586 363 2654 uerserio
391 2587 534 2651 cessante
566 2603 697 2650 securus
726 2603 798 2649 cum
826 2585 866 2649 ab
895 2586 1007 2676 amieo*
1024 2605 1083 2651 suo
1112 2584 1150 2651 de
1178 2604 1256 2651 cena
1282 2606 1370 2672 egre·

222 2695 358 2772 deretur,
388 2693 497 2760 subito
530 2695 644 2774 raptus
669 2697 719 2756 est
751 2691 978 2758 oFlorentiuo
1006 2691 1154 2776 quodum,
1184 2696 1223 2759 ut
1250 2692 1368 2772 dieunt,
1448 2693 1458 2706 ‘'

176 2822 204 2865 ro
222 2800 348 2867 comitis
363 2798 490 2865 officiali
503 2817 560 2882 per
574 2802 765 2864 armatorum
783 2817 922 2876 manum,
934 2799 1106 2882 quauteeis
1122 2799 1234 2864 adhoc
1248 2798 1370 2884 fectum

223 2907 369 2974 sufficere
392 2906 465 2970 uisa
486 2910 546 2973 est.
576 2905 660 2988 quod
680 2921 756 2973 eum
783 2905 864 2970 mihi
890 2905 1069 2976 nuntiatum
1093 2909 1171 2970 essct
1196 2911 1229 2971 et
1255 2904 1368 2986 adhuc,

222 3033 286 3100 quo
318 3013 371 3079 uel
403 3032 422 3076 a
449 3012 564 3095 quibus
596 3013 706 3094 raptus
736 3011 841 3091 fuerit,
873 3012 1058 3090 nesciretur',
1091 3011 1231 3094 suspicio
1262 3014 1369 3077 temen

224 3132 310 3189 esset
333 3119 371 3184 de
399 3118 466 3196 illo,
490 3136 582 3202 qoem
610 3121 756 3184 metuens
784 3137 818 3183 se
846 3138 902 3201 per
924 3118 1092 3184 ecelesiam
1116 3119 1274 3195 tuebatur,
1297 3137 1369 3183 con·

223 3227 314 3293 tiuuo
335 3225 410 3297 misi
428 3226 467 3289 ed
489 3225 663 3300 tribunum,
687 3224 741 3307 qui
761 3224 969 3289 custodiendo
992 3224 1079 3290 litori
1097 3225 1290 3289 constitutus
1309 3227 1369 3289 est.

67 3343 80 3356 “
177 3355 205 3398 ss
223 3333 314 3398 misit
331 3331 500 3407 militarem
520 3349 612 3396 nemo
631 3331 737 3414 potuit
754 3331 892 3414 reperiri.
913 3330 969 3395 sed
988 3349 1079 3398 mune
1098 3329 1317 3415 cognorimus,
1337 3334 1370 3394 et

222 3439 254 3504 in
274 3457 337 3521 qua
355 3438 448 3504 domo
468 3438 565 3503 fuerit
582 3441 615 3502 et
633 3437 716 3520 quod
739 3430 813 3521 post
836 3436 912 3522 gelli
933 3441 1060 3502 centum
1079 3455 1151 3501 oum
1170 3436 1226 3501 illo
1245 3436 1369 3501 absees-

259 3695 415 3839 2¹¹¹ng
521 3679 1045 3767 tut-exboccodd.edd.pructerm
1158 3699 1252 3751 timeo
1273 3700 1316 3762 (eo
1335 3698 1368 3752 ier

223 3790 292 3852 ras.)
344 3785 371 3841 U

311 3943 390 3999 Idem
408 3931 521 4012 co'ds'ees,
540 3944 589 4012 qui
606 3944 637 3997 iss
656 3959 696 4012 ep.
717 3943 828 3997 CXIII
842 3949 868 3998 et
889 3943 994 3998 CXIV.

260 4101 511 4171 momociacensis
534 4101 586 4157 ΤΒ
649 4103 682 4156 13
701 4087 796 4157 ductor
817 4102 845 4158 U
904 4105 937 4157 14
952 4102 1085 4158 moment
1107 4100 1162 4157 VU
1228 4111 1367 4174 ypponeu-

222 4207 277 4246 seur
301 4190 326 4246 Τ
346 4190 522 4263 Ipponensem
551 4189 608 4244 VU
626 4191 827 4261 Hipponensern
851 4191 911 4245 edd.
1021 4192 1054 4246 16
1076 4187 1207 4260 nostrate]
1231 4206 1317 4244 meum
1337 4191 1371 4244 H

221 4281 254 4335 21
275 4280 336 4334 uisa
354 4285 399 4332 est
415 4278 538 4334 sufficere
561 4279 588 4333 U
671 4283 744 4337 esset
761 4283 919 4334 coniectura
939 4279 1039 4334 addidi
1110 4279 1146 4333 22
1165 4279 1228 4349 quo]
1249 4295 1265 4332 a
1284 4295 1369 4349 ques

222 4367 312 4438 Μέρη.
384 4368 555 4437 ignoraretur
572 4367 632 4428 edd.
688 4368 722 4422 25
741 4369 879 4438 repperiri,
898 4384 966 4422 corr.
985 4373 1045 4423 nai
1062 4367 1198 4439 repperire
1216 4366 1244 4422 R
