3309 4867
376 332 441 395 586
732 330 759 385 S.
789 329 926 384 Aureli
956 330 1172 399 Augustini

330 516 350 581 6
420 524 491 590 Sint
525 523 652 589 honesti
690 525 778 590 ciues
815 526 875 599 tui,
915 525 1024 609 probis
1061 525 1215 604 moribus,
1256 543 1319 590 non
1358 524 1523 608 superfluis

374 629 597 708 lamltetibus;
633 650 695 697 nou
732 649 787 705 eos
825 633 977 698 uolumus
1016 631 1055 696 ad
1092 634 1231 696 aratrum
1264 628 1389 710 Quintii
1422 635 1454 697 et
1488 631 1523 696 sd

373 735 510 802 Fabricii
532 739 640 802 iocum
664 756 720 821 per
742 756 800 804 nos
823 737 891 803 ullu
909 738 1123 805 cohercitione
1145 736 1287 821 perduci,
1311 755 1376 822 qus
1397 756 1523 822 pauper-

373 847 441 909 tate
477 844 525 909 illi
556 845 717 909 Romanae
753 845 798 909 rei
841 843 988 927 publicae
1025 843 1185 928 principes
1218 829 1284 908 ¹non
1327 842 1434 909 sulum
1466 863 1522 910 non

374 951 538 1034 siluerunt
560 951 686 1015 ciuibus
711 950 790 1030 suis,
817 950 872 1016 sed
892 951 933 1016 ob
956 969 1025 1017 eam
1048 952 1179 1016 incurat
1200 950 1371 1035 praecipue
1393 952 1522 1016 cariores
1550 972 1561 1010 s

374 1060 407 1121 et
429 1057 549 1138 patriae
573 1055 784 1140 gubernandis
810 1056 925 1138 opibus
949 1057 1099 1140 aptiores.
1123 1075 1163 1120 ne
1185 1054 1268 1122 illud
1293 1056 1420 1139 quidem
1440 1061 1522 1140 opte-

374 1181 446 1227 mus
474 1165 530 1227 aut
557 1162 694 1247 egimus,¹
726 1164 764 1226 ut
790 1163 911 1243 patries
938 1166 1013 1228 tuae
1042 1161 1199 1228 diuitibus
1226 1161 1316 1227 illius¹
1343 1160 1449 1228 Rufini
1476 1162 1522 1227 bis

374 1269 515 1335 consulis
552 1269 674 1353 argenti
706 1269 814 1334 cultus
849 1268 956 1333 decem
990 1268 1093 1351 pondo
1125 1272 1298 1346 remaneat
1332 1267 1417 1353 quod
1450 1273 1523 1334 tuuc

371 1374 577 1456 *laudabiliter
599 1393 712 1440 seuera
729 1393 862 1439 censure
881 1374 983 1441 adhuc
1001 1359 1209 1440 resecandum
1228 1379 1392 1458 tamquam
1410 1375 1524 1441 uitium

374 1480 540 1546 iudicauit.
577 1484 703 1545 tentum
734 1499 793 1546 uos
827 1480 1024 1546 consuetudo
1058 1480 1214 1548 decoloris
1246 1481 1361 1570 sentis
1392 1480 1524 1547 nimium
1542 1501 1568 1543 n

374 1587 530 1652 marcidas
563 1588 685 1651 animes
717 1587 829 1652 mitius
863 1591 1057 1652 contrectare
1093 1586 1275 1672 persuadet,
1312 1590 1350 1652 ui
1381 1604 1525 1653 mansue

374 1693 477 1758 tudini
509 1692 716 1771 Christianae,
746 1692 831 1776 quod
863 1693 927 1757 illis
960 1693 1145 1758 censoribus
1177 1692 1301 1758 iustum
1321 1679 1438 1759 vuisum
1464 1696 1524 1770 est,

328 1869 334 1884 ¹
375 1799 508 1880 nimium
526 1799 682 1872 uideatur,
707 1804 740 1865 et
763 1799 865 1878 uides,
888 1817 984 1883 quom
1007 1800 1147 1865 multum
1169 1798 1306 1876 intersit,
1330 1801 1440 1866 utrum
1461 1799 1524 1864 ism

373 1905 532 1989 punienda
549 1906 645 1989 culpa
667 1906 711 1970 sit
732 1908 857 1970 tantum
876 1903 992 1970 habere
1012 1926 1050 1970 cn
1069 1908 1200 1989 propter
1218 1906 1296 1969 elias
1317 1905 1525 1989 grauissimas

375 2012 497 2094 culpas,
530 2016 567 2076 ut
599 2016 723 2077 tantum
757 2011 829 2096 quis
862 2011 986 2089 habeat,
1019 2012 1212 2095 permittere.
1246 2010 1333 2096 qnod
1359 2014 1436 2077 tuno
1460 2011 1525 2077 iem
1541 2033 1563 2074 a

374 2118 438 2184 luit
462 2121 640 2202 peccatum,
672 2136 757 2184 nuuc
784 2118 935 2185 uolumus
964 2119 1008 2182 sit
1036 2118 1149 2183 saltem
1177 2137 1280 2202 poena
1302 2116 1436 2202 peccati.
1467 2116 1526 2183 sed

370 2227 429 2302 est
459 2224 543 2307 quod
570 2223 638 2288 fieri
665 2225 770 2307 possit
798 2228 832 2290 et
859 2224 982 2303 debeat,
1015 2229 1052 2289 ut
1080 2243 1136 2292 nec
1165 2242 1267 2307 usque
1296 2223 1336 2288 sd
1363 2227 1427 2288 ista
1449 2242 1525 2307 pre

366 2327 532 2415 ‘grediatu'r
559 2332 715 2397 seueritas
742 2348 800 2396 nec
827 2330 923 2395 nimis
957 2343 1069 2398 secura
1091 2330 1229 2396 laetetur
1256 2333 1290 2395 et
1312 2329 1526 2395 debacchetur

369 2436 542 2519 impunitas
573 2441 605 2502 et
631 2437 821 2501 imitationis
850 2438 1030 2521 exemplum
1059 2436 1100 2528 ed
1128 2436 1338 2521 grauissimas
1362 2441 1393 2501 et
1416 2438 1524 2502 occul·

369 2542 513 2609 tissimas
546 2561 663 2626 poenas
694 2543 878 2610 infelicibus
911 2548 1115 2625 proponatur.
1155 2543 1267 2608 saltem
1302 2541 1449 2620 concede,
1486 2547 1524 2609 ut
1539 2565 1564 2606 n

369 2646 503 2713 nimium
523 2648 692 2730 superfluis
712 2648 779 2713 suis
795 2649 940 2726 timeant,
960 2649 1014 2733 qui
1035 2648 1213 2714 necessaris
1230 2651 1340 2713 nostra
1357 2645 1525 2716 incendere

370 2772 407 2820 sc
430 2751 556 2819 usstere
580 2755 765 2821 moliuntur.
788 2755 886 2819 liceat
904 2758 938 2820 et
959 2755 1020 2820 hoc
1043 2753 1233 2820 beneficium
1257 2754 1398 2843 tribuere
1420 2754 1526 2819 inimi·

370 2861 417 2926 cis
449 2861 583 2939 nostris·
602 2865 649 2936 ut,
678 2861 753 2926 dum
787 2863 937 2932 metuunt
967 2862 1074 2938 rebus,
1109 2851 1188 2944 quas
1219 2860 1347 2930 noxium
1379 2876 1441 2925 non
1472 2869 1527 2926 est

370 2966 526 3046 amittere,
550 2967 635 3049 quod
655 2967 716 3032 sibi
736 2967 865 3031 noxium
885 2972 1030 3042 estnon
1051 2971 1205 3041 conentur
1220 2966 1399 3034 admittere.
1423 2984 1526 3049 neque

370 3072 454 3138 enim
486 3073 565 3137 haec
594 3072 728 3138 dicenda
755 3077 805 3138 est
837 3073 981 3139 uindicta
1012 3073 1136 3156 peccati
1168 3071 1225 3138 sed
1251 3073 1356 3137 tutela
1383 3071 1524 3148 oonsilii;
1542 3097 1567 3139 s

369 3197 431 3245 nou
456 3181 505 3243 est
527 3179 588 3245 hoc
611 3179 758 3264 inrogare
787 3178 981 3264 supplicium
1010 3178 1067 3245 scd
1090 3178 1129 3242 ab
1153 3163 1336 3262 excipiendo
1365 3173 1525 3261 supplicio

371 3285 575 3350 communire.
1288 3270 1289 3273 Ἴ

327 3399 345 3464 7
416 3387 568 3472 Quisquis
596 3390 818 3473 inprudentem
845 3409 917 3456 eum
941 3389 1049 3473 rliquo
1072 3409 1169 3457 sensu
1194 3389 1314 3456 doloris
1336 3389 1454 3472 priuat
1482 3409 1525 3455 ne

370 3496 577 3580 superuacuis
597 3496 771 3562 sceleribus
791 3495 995 3562 adsuefactus
1018 3516 1137 3581 poenas
1156 3496 1371 3563 atrocissimas
1394 3496 1524 3580 pendat,

370 3619 468 3684 puero
496 3601 629 3684 capillos
658 3601 761 3675 uellit,
790 3621 829 3666 nc
858 3603 1058 3685 serpentibus
1086 3602 1227 3685 plaudat,
1258 3605 1353 3686 etque
1380 3601 1437 3686 its,
1466 3600 1527 3666 uhi
1542 3623 1568 3662 a·

406 3859 423 3914 3
441 3858 489 3913 illa
507 3875 533 3912 m
587 3860 745 3914 cohercione
769 3859 813 3914 Vl
832 3860 997 3924 cohertione,
1016 3863 1083 3915 nost
1101 3860 1284 3915 cohercitione
1302 3859 1330 3916 U
1364 3858 1382 3914 8
1400 3863 1524 3931 arpenti·

371 3947 447 4003 culus
471 3946 639 4016 decerpendo
662 3953 802 4002 remaneat
825 3948 903 4003 cedd.
923 3950 967 4019 (in
989 3949 1016 4003 V
1030 3966 1063 4003 us
1082 3949 1201 4020 inrue.)
1223 3948 1284 4005 ter
1307 3949 1416 4020 urgenti
1433 3950 1523 4004 solum

370 4034 463 4092 decem
481 4035 570 4106 pondo
590 4041 749 4091 remaneant
766 4054 806 4102 πῃ·
825 4036 1005 4093 crisenclabom
1024 4038 1131 4112 argenti
1150 4037 1239 4092 cultus
1259 4035 1352 4091 decern
1371 4036 1462 4107 pondo
1479 4055 1523 4092 re-

366 4126 492 4190 maneam
511 4124 548 4189 ef.
571 4123 633 4178 Vei.
652 4124 1206 4191 Mac.119,s,·Geu.MA-.1Vo.7
1267 4125 1527 4197 l‘lnec1neqnsU

373 4212 407 4267 18
424 4227 588 4267 recursem.
613 4211 640 4266 U
690 4214 725 4268 28
745 4230 798 4278 non
817 4230 869 4268 om.
893 4212 920 4268 U
970 4215 1005 4271 28
1025 4216 1140 4286 quisque
1159 4215 1220 4270 edd.
