3309 4867
601 485 869 557 epistularum
898 483 1020 543 cxvnl.
1316 490 1381 555 677

236 680 357 764 sopitas
392 678 467 745 lites
502 678 588 745 inani
616 680 812 746 curiositate
851 698 1034 763 recoquere,
1075 699 1148 745 cum
1187 681 1383 763 quorundam

142 803 145 808 ¹
235 787 331 852 etiam
353 785 595 863 haereticorum,
618 786 674 868 qui
696 785 823 853 nomine
848 785 1028 853 Christiano
1051 785 1180 872 gloriari
1202 787 1384 866 uoluerunt,

215 897 273 984 ut
297 892 575 959 Marcionistarum
607 895 642 957 et
668 890 923 959 Sabellicnorum
954 882 1192 977 multorumque
1222 897 1385 977 praeterea

234 1000 298 1065 ium
330 998 545 1067 dissensiones
574 999 848 1084 quaestionesque
886 999 1061 1088 sileantur?
1098 1001 1205 1065 tamen
1242 999 1271 1094 si
1302 1018 1383 1084 opus

204 1107 296 1185 sest,
324 1108 362 1170 ut
388 1104 463 1184 diri,
490 1106 619 1171 ueritati
646 1104 852 1171 aduersantes
878 1123 1084 1192 praenoscere
1112 1106 1234 1191 aliquas
1258 1110 1292 1172 et
1316 1126 1385 1191 per·

234 1214 386 1278 hechtes
409 1211 525 1277 habere
548 1213 732 1291 senhntias,
755 1211 794 1277 de
817 1212 990 1280 haereticis
1010 1213 1131 1297 potius,
1156 1213 1211 1298 qui
1239 1232 1274 1278 se
1298 1212 1385 1279 Chri-

236 1317 357 1384 stianos
379 1321 509 1398 uocant,
531 1337 626 1403 quam
650 1318 689 1385 de
712 1318 899 1403 Anaxagora
922 1321 955 1383 et
976 1318 1160 1384 Democrito
1183 1318 1276 1386 nobis
1298 1316 1385 1403 cogi·

235 1423 369 1490 tandum
390 1422 464 1501 fuit.
1340 1423 1343 1424 ⁷

55 1526 191 1609 11113
279 1529 339 1596 Ille
371 1533 489 1610 annm,
522 1529 669 1613 quisquis
701 1529 757 1610 abs
790 1533 823 1596 te
850 1531 1033 1615 quaesierit,
1055 1531 1143 1615 quae
1174 1532 1212 1596 tu
1244 1549 1263 1598 a
1293 1529 1385 1598 uobis

194 1662 219 1702 ro
237 1636 371 1718 quaeris,
404 1635 524 1714 audiat,
557 1636 643 1719 quod
676 1629 714 1702 ea
746 1632 873 1705 doctius
906 1641 939 1703 et
969 1635 1157 1721 prudentius
1187 1626 1320 1703 nescias.
1358 1634 1387 1701 si

237 1741 320 1809 eninr
347 1741 580 1809 Themistocles
611 1761 674 1808 non
702 1744 837 1822 curauit,
866 1742 951 1828 quod
978 1745 1027 1808 est
1058 1740 1188 1809 habitus
1219 1741 1385 1834 indoctior,
1463 1811 1474 1830 ⁸

237 1866 310 1913 curn
329 1866 440 1913 canere
458 1845 565 1930 neruis
578 1848 614 1914 ‘in
633 1848 738 1931 epulis
755 1852 947 1932 recusasset,
971 1850 1028 1915 ubi
1044 1867 1118 1915 cum
1138 1868 1173 1915 sc
1191 1849 1311 1916 nescire
1329 1848 1387 1914 illa

237 1952 369 2020 dixisset
399 1954 491 2037 eique
523 1953 645 2020 dictum
672 1958 773 2020 esset:
801 1953 898 2035 ‘Quid
929 1953 1030 2041 igitur
1059 1956 1178 2022 nosue‘
1208 1953 1385 2039 respoudit:

110 2045 117 2050 ’
236 2059 326 2126 ‘Rem
357 2059 518 2144 puhhcarn
547 2079 584 2127 ex
615 2079 715 2146 parua
744 2079 894 2145 maguam
926 2062 1049 2141 iacers’,
1083 2061 1292 2144 dubitandum
1324 2059 1386 2126 tihi

192 2193 220 2234 rc
237 2174 288 2232 est
309 2164 416 2232 dicere
440 2169 472 2232 te
499 2167 563 2232 ista
590 2165 721 2246 nescire,
750 2169 887 2246 cumei,
912 2168 968 2252 qui
989 2168 1118 2253 rogarit,
1143 2167 1220 2251 quid
1246 2168 1385 2249 noueris,

236 2271 426 2356 respondere
453 2273 559 2355 possis
586 2293 681 2339 nosse
704 2275 747 2354 to,
770 2293 834 2358 quo
861 2274 956 2343 modo
980 2274 1075 2340 etiam
1104 2274 1173 2340 sine
1195 2273 1269 2340 istis
1291 2274 1386 2340 homo

238 2397 309 2444 esse
335 2377 442 2462 possit
467 2378 603 2445 beatus?
627 2380 770 2464 quodsi
797 2381 902 2448 adhuc
928 2401 990 2447 nou
1017 2367 1118 2462 tenes,
1146 2385 1213 2447 tum
1237 2399 1387 2464 peruerse

234 2485 302 2570 ⁴ista
328 2484 501 2567 conquiris,
528 2484 624 2569 qnam
651 2505 812 2570 peruerse,
845 2487 874 2554 si
904 2489 1012 2573 aliquo
1040 2488 1181 2573 corporis
1208 2487 1387 2577 periculoso

238 2592 349 2658 morbo
390 2594 577 2677 muueris,
621 2593 790 2661 deliciosas
832 2600 865 2662 et
904 2595 1089 2661 tenerrimus
1130 2598 1239 2661 uestes
1279 2593 1389 2678 potius
1475 2667 1477 2671 ,

193 2723 221 2768 so
240 2715 334 2782 quam
365 2698 598 2764 medicamenta
628 2700 833 2784 medicosque
865 2701 1077 2785 conquireres.
1110 2721 1172 2767 nou
1205 2700 1288 2766 enim
1320 2698 1387 2764 ullo

222 2800 333 2870 'modo
353 2804 592 2871 differendaest
608 2806 673 2872 ista
691 2807 831 2891 cognitio
851 2812 908 2873 aut
929 2808 986 2873 illa
1006 2807 1084 2874 huic
1106 2827 1125 2872 a
1146 2810 1180 2872 te
1202 2805 1388 2890 praesertim

210 2907 303 2976 ¹iarn
328 2911 361 2975 in
389 2909 450 2977 hac
477 2915 579 2977 aetate
607 2912 661 2978 uel
689 2913 830 2979 discendi
857 2914 965 2980 ordine
991 2913 1195 2997 praeferenda
1222 2915 1282 2977 est.
1313 2910 1387 3002 uide

240 3020 358 3094 autem,
392 3036 486 3100 qnam
521 3019 615 3084 facile
646 3038 759 3103 posses
792 3020 853 3086 hoc
883 3019 976 3098 sciro,
1008 3020 1044 3098 si
1068 3019 1181 3085 uelles,
1219 3019 1273 3101 qui
1306 3016 1388 3082 enim

241 3122 372 3206 quaerit,
397 3142 461 3208 qua
482 3123 523 3188 ad
550 3125 676 3190 hectun
700 3126 801 3190 uitam
830 3123 1006 3214 perueniat,
1033 3125 1114 3191 nihil
1137 3125 1224 3191 aliud
1245 3122 1388 3208 proiecto

166 3285 168 3288 ,
195 3258 224 3300 aa
241 3228 373 3312 quaerit,
403 3230 465 3295 nisi
492 3230 548 3296 ubi
575 3232 619 3295 sit
645 3229 718 3296 finis
744 3231 834 3310 boni,
859 3232 921 3297 hoo
948 3234 998 3338 est
1024 3232 1079 3297 ubi
1103 3231 1321 3299 constitutum
1345 3229 1397 3294 sit'
1522 3277 1527 3304 ,

332 3489 362 3543 ιι
384 3488 440 3544 cna
458 3489 536 3576 rura.
556 3489 625 3561 usp.
645 3490 702 3553 12,
721 3492 751 3556 s,
771 3492 843 3546 erut.
862 3491 956 3547 unam.
975 3465 992 3546 ι’

276 3665 293 3718 3
311 3664 543 3720 marcianistarum
562 3667 590 3723 R
606 3667 822 3721 marcionitarum
841 3667 879 3721 Pi
982 3668 1000 3722 4
1019 3667 1256 3739 quaestionesque]
1277 3684 1307 3738 q;
1325 3665 1390 3738 (cm,

241 3755 425 3824 quaestiones)
442 3754 479 3808 Μ
495 3770 564 3824 quse
582 3758 609 3809 A
700 3756 843 3828 sileantur]
862 3757 887 3810 si
904 3756 1033 3827 legantur
1049 3757 1077 3810 A
1166 3759 1258 3811 tannen
1277 3757 1313 3828 si]
1332 3760 1389 3810 ιιι]

240 3843 356 3898 inmensi
373 3843 401 3896 A
454 3846 470 3898 6
489 3846 640 3899 sententias
658 3844 759 3899 hahere
776 3845 805 3901 B
827 3896 830 3901 .
875 3844 1022 3913 hereticus,
1041 3860 1111 3900 corr.
1130 3850 1192 3899 nel
1208 3844 1337 3899 hereticis
1354 3843 1392 3898 Μ

241 3930 552 4002 dqusesiueritftrm
622 3932 1029 4002 tusltuaAP(m.2tua)
1085 3934 1116 3987 ll
1139 3930 1238 4000 abitus,
1255 3936 1320 3987 Μ
1336 3932 1386 3987 ha·

241 4020 315 4074 ιίιιιε
332 4020 361 4075 Ρ
450 4021 483 4075 12
501 4019 581 4090 epiis,
599 4035 668 4076 corr.
686 4026 748 4075 sul
766 4020 853 4090 epulis
870 4020 908 4074 Ρι
1016 4036 1046 4075 se
1063 4020 1180 4092 nesdn]
1198 4036 1337 4076 senescere
1355 4020 1393 4075 Μ

243 4109 277 4163 13
296 4107 386 4178 eique!
407 4110 436 4161 et
454 4108 573 4178 quseM
589 4105 809 4177 atqueAatque
828 4108 854 4162 ei
872 4108 934 4163 edd.
986 4111 1082 4164 idest
1098 4108 1151 4163 tibi
1169 4107 1231 4164 cdd
1270 4110 1390 4180 *18pcr·

242 4212 318 4252 nerse
334 4196 371 4264 si]
391 4211 518 4264 peruersa
536 4201 551 4247 d
568 4194 632 4248 ΜΔ
741 4194 774 4248 19
793 4192 942 4250 deliciasm
1035 4196 1070 4251 20
1089 4196 1254 4268 conquiretis
1271 4195 1310 4250 Μ
1326 4213 1390 4252 con·

243 4285 333 4354 quires
351 4283 422 4338 ΡΨ
468 4285 501 4339 21
521 4285 580 4354 illa]
594 4284 694 4338 ullam
742 4285 777 4338 23
796 4286 885 4354 pessis
902 4283 940 4340 Μ
1000 4284 1068 4340 seire
1086 4283 1140 4338 hoc
1157 4283 1186 4341 R
1233 4284 1391 4354 24quaerit

242 4373 286 4433 bio
303 4372 340 4426 Μ
410 4375 475 4442 qual
496 4371 631 4442 quomodo
650 4372 711 4426 edd.
765 4374 800 4427 25
818 4373 882 4428 finis
900 4374 938 4427 sit
954 4372 983 4428 R
1053 4372 1136 4427 ioinis
1155 4375 1183 4440 (ο
1202 4377 1273 4441 exp.)
1292 4372 1321 4426 P
