3309 4867
551 391 814 504 epistularum
844 439 936 495 cxxi.
966 442 1072 500 CXXII.
1324 454 1388 518 743

237 623 362 700 fratres,
391 624 438 688 sic
466 625 640 707 agitent,
666 628 750 710 quod
778 631 824 694 ait
852 633 1036 715 apostoluss
1052 635 1140 702 siue
1165 638 1387 710 adueniens

238 731 277 794 et
304 730 451 795 uidens
481 733 671 824 uossiuo
700 734 846 801 absens
875 738 1035 804 audiam
1060 740 1263 823 denobis,
1292 747 1388 830 quia

237 836 366 902 statis
404 837 443 902 in
481 857 556 903 uno
595 840 749 922 spiritu
786 861 863 908 uno
901 845 1031 911 animo
1069 848 1385 918 conlaborantes

235 940 340 1010 'fidoi
355 963 453 1009 enon
463 946 632 1029 gelioae.
649 947 677 1011 si
691 967 749 1013 uos
764 949 871 1033 aliqua
884 951 1033 1018 molestia
1042 955 1225 1036 temporalis
1235 959 1384 1042 exagitat,

203 1074 216 1110 s
235 1049 307 1132 ipsa
328 1069 388 1116 nos
412 1052 515 1136 magis
539 1051 704 1118 admonere
729 1054 833 1134 debet,
854 1075 949 1140 quem
973 1058 1013 1122 ad
1036 1060 1166 1130 modum
1186 1063 1224 1126 de
1243 1063 1298 1128 ilia
1317 1066 1386 1130 uita

236 1158 375 1243 cogitare
407 1156 560 1236 debeatis,
592 1158 648 1224 ubi
681 1159 749 1225 sius
782 1160 889 1242 aliquo
922 1162 1029 1229 labore
1060 1165 1180 1232 uinetis
1214 1169 1385 1236 euadentes

234 1283 296 1330 non
322 1265 475 1330 molestas
504 1263 668 1348 angustias
691 1268 843 1350 temporis
872 1268 962 1350 parui
989 1270 1047 1334 sed
1073 1271 1242 1338 horrendas
1266 1294 1384 1358 poenas

233 1372 317 1457 ignis
341 1371 469 1438 aeterni.
492 1388 564 1434 nam
589 1371 616 1435 si
641 1370 734 1435 modo
758 1374 951 1452 tantarum,
974 1376 1063 1440 tanta
1086 1375 1271 1458 intentione,
1295 1384 1382 1448 tanto

232 1480 340 1544 labore
373 1477 480 1562 agitis,
512 1495 551 1542 no
582 1477 614 1541 in
647 1476 770 1559 aliquos
800 1480 960 1545 cruciatus
993 1483 1193 1550 transitorios
1224 1485 1382 1568 incidatis,

183 1607 213 1660 ιιο
234 1589 387 1669 quantum
413 1602 474 1649 uos
498 1585 624 1666 oportet
646 1602 717 1648 esse
744 1584 913 1672 sollicitos,
941 1591 979 1652 ut
1005 1590 1214 1672 sempiternas
1236 1592 1381 1659 miserias

232 1692 379 1776 fugiatis!
398 1695 432 1756 et
450 1692 476 1754 si
491 1709 577 1755 mors
596 1691 643 1755 sic
658 1691 799 1768 timetur,
819 1711 899 1775 quas
918 1692 989 1757 finit
1001 1697 1209 1777 temporalem
1228 1698 1379 1765 laborem.

233 1817 295 1882 quo
328 1795 422 1862 modo
454 1796 595 1860 timenda
626 1800 685 1871 est,
719 1813 800 1879 quae
832 1797 934 1862 mittit
964 1797 1011 1862 iuv
1030 1804 1190 1866 aeternum
1222 1803 1378 1886 dolorem!

231 1909 264 1969 et
290 1905 318 1969 si
346 1903 477 1968 deliciae
504 1901 624 1967 saeculi
652 1901 747 1966 huius
776 1903 890 1967 breues
914 1908 946 1968 et
974 1905 1120 1971 sordidae
1148 1907 1194 1971 sio
1223 1914 1379 1984 amantur,

231 2014 347 2093 quanto
385 2008 605 2074 uehementius
642 2009 741 2074 futuri
779 2007 897 2074 saeculi
935 2010 1050 2095 gaudia
1082 2031 1162 2094 pura
1193 2017 1227 2077 et
1257 2015 1379 2082 infinita

184 2140 211 2179 ro
230 2116 407 2201 quaerenda
435 2117 521 2180 sunt!
550 2115 613 2179 ista
638 2116 816 2200 cogitantes
844 2116 942 2182 nolite
966 2135 1036 2181 esse
1064 2120 1146 2202 pigri
1175 2119 1204 2183 in
1230 2121 1377 2204 operibus

229 2225 331 2299 bonis,
355 2227 393 2287 ut
415 2222 453 2286 ad
477 2221 577 2286 uestri
601 2221 730 2286 seminis
753 2241 890 2286 messem
916 2241 974 2286 suo
998 2226 1140 2307 ternpore
1165 2226 1312 2292 usniatis.

154 2323 179 2386 2
272 2328 463 2396 Nuntiatum
483 2331 533 2393 ost
551 2328 633 2392 enim
658 2327 746 2406 mihi,
772 2328 856 2410 quod
878 2348 997 2393 morem
1020 2332 1163 2395 uestrum
1184 2330 1223 2396 de
1241 2334 1374 2398 ucetien-

228 2436 278 2501 dis
310 2435 502 2519 pauperibus
535 2433 659 2498 fueritis
689 2433 791 2513 obiiti,
825 2434 865 2498 ad
894 2453 987 2517 quam
1016 2436 1275 2515 misericordiam,
1304 2457 1376 2503 cum

227 2560 377 2626 praesens
398 2558 512 2616 essem,
535 2557 594 2607 uos
617 2539 800 2605 exhortatus
824 2544 948 2606 sumet
970 2558 1052 2606 nuno
1076 2541 1232 2620 exhortor,
1255 2563 1293 2608 no
1317 2563 1375 2609 uos

180 2671 209 2710 so
227 2648 336 2714 nincat
353 2651 386 2711 st
407 2646 515 2730 pigros
538 2645 636 2711 faciat
654 2645 801 2712 contritio
819 2647 931 2711 mundi
955 2647 1061 2712 huius.
1087 2648 1138 2712 oui
1158 2650 1234 2714 talia
1257 2650 1375 2715 uidetis

227 2755 379 2829 accidere,
412 2753 518 2835 qualia
550 2751 698 2817 dominus
731 2756 764 2818 ot
795 2751 978 2842 redemptor
1011 2755 1128 2830 noster,
1162 2756 1216 2837 qui
1248 2759 1375 2822 mentiri

225 2879 288 2927 non
319 2861 439 2946 potest,
470 2861 606 2923 uentura
636 2858 799 2942 praedixit.
833 2877 893 2923 non
926 2860 1031 2924 solum
1059 2880 1134 2944 ergo
1163 2881 1223 2927 non
1252 2863 1374 2929 debetis

227 2967 332 3033 minus
360 2966 463 3030 iacere
487 2983 581 3047 opera
608 2964 853 3040 misericordiae,
882 2964 1057 3030 sedetiam
1081 2966 1202 3032 debetis
1226 2970 1375 3051 amplius,

225 3092 320 3157 qnam
340 3072 460 3138 soletis.
480 3071 566 3136 sicut
584 3070 668 3138 eninr
686 3069 725 3134 ed
744 3071 815 3136 loca
834 3071 1006 3136 munitiora
1023 3071 1205 3138 festinatius
1224 3075 1372 3158 migrant,

177 3204 206 3245 ss
225 3179 280 3263 qui
307 3178 429 3243 ruinam
458 3176 572 3243 domur
600 3177 712 3241 uident
739 3177 883 3241 contritis
915 3178 1088 3260 parietibus
1121 3179 1295 3259 imminere,
1326 3181 1372 3247 sio

224 3283 318 3349 corda
341 3282 521 3348 Christiana
544 3286 661 3365 quanto
690 3283 793 3365 magis
822 3279 965 3348 sentiunt
987 3284 1099 3347 mnndi
1126 3285 1222 3350 huius
1248 3287 1369 3350 ruinam

314 3489 516 3549 renuam
606 3555 609 3563 Ι

260 3616 271 3668 l
302 3615 341 3668 sic
369 3631 420 3667 ora.
448 3613 476 3667 P
600 3613 617 3666 2
646 3612 743 3666 absens
772 3616 800 3665 et
828 3613 936 3667 audiam
956 3614 992 3665 M
1100 3615 1146 3682 qui
1176 3616 1273 3668 ostatis
1300 3622 1372 3669 Μ

222 3719 290 3757 corr.
310 3704 345 3756 ΡῘ
401 3705 417 3756 9
433 3702 565 3757 cruciatos
584 3701 612 3754 P
628 3705 704 3766 (Μ
721 3702 867 3762 cruciatus)
888 3702 924 3754 M
941 3702 1075 3758 cruciatis.
1094 3706 1160 3756 m.2
1179 3702 1313 3756 cruciatus
1331 3703 1367 3756 Ρ1

224 3793 259 3845 12
280 3790 411 3860 dolorem]
437 3791 565 3852 laborem.
585 3795 738 3844 corr.m.1
762 3789 881 3844 dolorem
901 3790 937 3843 M
1063 3792 1094 3843 13
1118 3791 1198 3843 buius
1221 3791 1323 3844 saeculi
1342 3791 1369 3845 R

224 3880 255 3934 17
280 3879 351 3932 enim
374 3882 416 3931 est
435 3877 487 3932 ΓΑ
512 3878 572 3932 edd.
684 3879 716 3933 19
740 3895 812 3932 nuuc
837 3885 893 3947 (pr.
913 3896 930 3932 n
950 3894 1018 3933 corr.
1038 3881 1115 3942 m.2,·
1138 3876 1265 3944 fuitneh
1285 3877 1311 3942 ,9)
1330 3878 1368 3931 Ρ1

221 3968 257 4022 20
275 3967 349 4032 facit,
369 3983 437 4020 corr.
457 3973 516 4020 nul
535 3965 618 4020 saciet
636 3966 674 4020 Ρ1
777 3967 859 4020 huius
878 3966 971 4019 mundi
990 3966 1050 4020 edd.
1141 3967 1172 4016 21
1196 3965 1322 4020 secedere
1342 3967 1368 4018 A

258 4062 286 4109 et
304 4053 459 4125 redemptor
477 4072 527 4110 orn.
547 4054 582 4107 M
639 4055 741 4125 nonen]
761 4058 792 4108 dt
810 4055 842 4109 F
857 4064 889 4108 ur
907 4054 971 4108 ΔΡ1
1027 4055 1061 4108 22
1082 4071 1134 4107 non
1154 4053 1283 4107 uidebitis
1302 4053 1366 4119 (non

222 4143 403 4199 eruiturus.
418 4142 531 4207 mim
572 4142 606 4196 23
626 4140 714 4195 iacere
734 4157 817 4211 opera
836 4139 1045 4211 misericordiae]
1066 4155 1147 4210 opora
1166 4138 1367 4195 misericordiae

222 4248 314 4286 curare
333 4233 360 4285 P
413 4233 446 4285 24
466 4231 640 4285 festinantius
661 4229 687 4282 P
706 4229 773 4284 edd.¹
781 4235 895 4298 praeter
908 4246 949 4283 ce
1002 4230 1037 4283 25
1057 4227 1182 4284 ruinnM
1253 4227 1285 4290 si,
1304 4229 1369 4285 Μ

219 4319 313 4374 sicP¹
