<?xml version="1.0" encoding="UTF-8"?>
<!DOCTYPE html PUBLIC "-//W3C//DTD XHTML 1.0 Transitional//EN"
    "http://www.w3.org/TR/xhtml1/DTD/xhtml1-transitional.dtd">
<html xmlns="http://www.w3.org/1999/xhtml" xml:lang="en" lang="en">
 <head>
  <title>
</title>
<meta http-equiv="Content-Type" content="text/html;charset=utf-8" />
  <meta name='ocr-system' content='tesseract 3.04.00' />
  <meta name='ocr-capabilities' content='ocr_page ocr_carea ocr_par ocr_line ocrx_word'/>
</head>
<body>
  <div class='ocr_page' id='page_1' title='image "./savreliavgvstin00goldgoog_0154.png"; bbox 0 0 3309 4867; ppageno 0'>
   <div class='ocr_carea' id='block_1_1' title="bbox 296 417 1092 491">
    <p class='ocr_par' dir='ltr' id='par_1_1' title="bbox 296 417 1092 491">
     <span class='ocr_line' id='line_1_1' title="bbox 296 417 1092 491; baseline -0.01 -9"><span class='ocrx_word' id='word_1_1' title='bbox 296 425 358 488; x_wconf 83' lang='grc'>142</span> <span class='ocrx_word' id='word_1_2' title='bbox 652 422 679 477; x_wconf 84' lang='lat' dir='ltr'>S.</span> <span class='ocrx_word' id='word_1_3' title='bbox 708 419 845 475; x_wconf 79' lang='lat' dir='ltr'><strong>Aureli</strong></span> <span class='ocrx_word' id='word_1_4' title='bbox 873 417 1092 491; x_wconf 63' lang='lat' dir='ltr'>Augustini</span> 
     </span>
    </p>
   </div>
   <div class='ocr_carea' id='block_1_2' title="bbox 250 612 1654 2397">
    <p class='ocr_par' dir='ltr' id='par_1_2' title="bbox 250 612 1654 2397">
     <span class='ocr_line' id='line_1_2' title="bbox 250 612 1445 700; baseline 0.004 -26"><span class='ocrx_word' id='word_1_5' title='bbox 250 612 270 674; x_wconf 88' lang='lat'>3</span> <span class='ocrx_word' id='word_1_6' title='bbox 339 614 528 695; x_wconf 81' lang='lat' dir='ltr'>Quaerimus</span> <span class='ocrx_word' id='word_1_7' title='bbox 556 635 642 700; x_wconf 79' lang='lat' dir='ltr'>ergo,</span> <span class='ocrx_word' id='word_1_8' title='bbox 670 619 708 680; x_wconf 89' lang='lat' dir='ltr'>ut</span> <span class='ocrx_word' id='word_1_9' title='bbox 736 615 827 681; x_wconf 86' lang='lat' dir='ltr'>nobis</span> <span class='ocrx_word' id='word_1_10' title='bbox 855 614 1048 699; x_wconf 85' lang='lat' dir='ltr'>respondere</span> <span class='ocrx_word' id='word_1_11' title='bbox 1074 634 1133 680; x_wconf 88' lang='lat' dir='ltr'>noo</span> <span class='ocrx_word' id='word_1_12' title='bbox 1164 615 1316 700; x_wconf 77' lang='lat' dir='ltr'>grauatis,</span> <span class='ocrx_word' id='word_1_13' title='bbox 1348 634 1445 698; x_wconf 89' lang='lat' dir='ltr'>quam</span> 
     </span>
     <span class='ocr_line' id='line_1_3' title="bbox 295 722 1447 805; baseline -0.001 -17"><span class='ocrx_word' id='word_1_14' title='bbox 295 742 423 789; x_wconf 74' lang='lat' dir='ltr'>calisam</span> <span class='ocrx_word' id='word_1_15' title='bbox 451 722 532 789; x_wconf 83' lang='lat' dir='ltr'>forte</span> <span class='ocrx_word' id='word_1_16' title='bbox 561 724 699 799; x_wconf 82' lang='lat' dir='ltr'>noueris,</span> <span class='ocrx_word' id='word_1_17' title='bbox 728 741 791 805; x_wconf 88' lang='lat' dir='ltr'>qua</span> <span class='ocrx_word' id='word_1_18' title='bbox 816 722 937 788; x_wconf 82' lang='lat' dir='ltr'>facium</span> <span class='ocrx_word' id='word_1_19' title='bbox 967 725 1027 801; x_wconf 86' lang='lat' dir='ltr'>est,</span> <span class='ocrx_word' id='word_1_20' title='bbox 1051 726 1088 790; x_wconf 87' lang='lat' dir='ltr'>ut</span> <span class='ocrx_word' id='word_1_21' title='bbox 1111 722 1258 788; x_wconf 84' lang='lat' dir='ltr'>Christus</span> <span class='ocrx_word' id='word_1_22' title='bbox 1282 724 1447 789; x_wconf 85' lang='lat' dir='ltr'>amitteret</span> 
     </span>
     <span class='ocr_line' id='line_1_4' title="bbox 293 807 1654 913; baseline 0 -19"><span class='ocrx_word' id='word_1_23' title='bbox 293 828 504 894; x_wconf 70' lang='lat' dir='ltr'>hereditatem</span> <span class='ocrx_word' id='word_1_24' title='bbox 531 829 621 896; x_wconf 82' lang='lat' dir='ltr'>suam</span> <span class='ocrx_word' id='word_1_25' title='bbox 649 849 706 913; x_wconf 89' lang='lat' dir='ltr'>per</span> <span class='ocrx_word' id='word_1_26' title='bbox 734 829 841 896; x_wconf 89' lang='lat' dir='ltr'>orbem</span> <span class='ocrx_word' id='word_1_27' title='bbox 869 829 1023 902; x_wconf 83' lang='lat' dir='ltr'>terrarum</span> <span class='ocrx_word' id='word_1_28' title='bbox 1052 827 1198 894; x_wconf 81' lang='lat' dir='ltr'>diffusam</span> <span class='ocrx_word' id='word_1_29' title='bbox 1224 833 1257 894; x_wconf 86' lang='lat' dir='ltr'>et</span> <span class='ocrx_word' id='word_1_30' title='bbox 1280 828 1389 894; x_wconf 89' lang='lat' dir='ltr'>subito</span> <span class='ocrx_word' id='word_1_31' title='bbox 1411 829 1446 893; x_wconf 90' lang='lat' dir='ltr'>in</span> <span class='ocrx_word' id='word_1_32' title='bbox 1653 807 1654 824; x_wconf 38' lang='lat'>¹</span> 
     </span>
     <span class='ocr_line' id='line_1_5' title="bbox 295 932 1446 1018; baseline -0.002 -18"><span class='ocrx_word' id='word_1_33' title='bbox 295 933 372 1002; x_wconf 87' lang='lat' dir='ltr'>solis</span> <span class='ocrx_word' id='word_1_34' title='bbox 408 932 495 1000; x_wconf 76' lang='lat' dir='ltr'>Afris</span> <span class='ocrx_word' id='word_1_35' title='bbox 531 954 589 1000; x_wconf 86' lang='lat' dir='ltr'>nec</span> <span class='ocrx_word' id='word_1_36' title='bbox 627 935 707 1018; x_wconf 89' lang='lat' dir='ltr'>ipsis</span> <span class='ocrx_word' id='word_1_37' title='bbox 745 935 895 1000; x_wconf 83' lang='lat' dir='ltr'>omnibus</span> <span class='ocrx_word' id='word_1_38' title='bbox 932 938 1118 998; x_wconf 85' lang='lat' dir='ltr'>remaneret.</span> <span class='ocrx_word' id='word_1_39' title='bbox 1155 934 1272 1000; x_wconf 87' lang='lat' dir='ltr'>etenim</span> <span class='ocrx_word' id='word_1_40' title='bbox 1308 935 1446 1000; x_wconf 83' lang='lat' dir='ltr'>ecclesia</span> 
     </span>
     <span class='ocr_line' id='line_1_6' title="bbox 296 1038 1500 1122; baseline -0.005 -16"><span class='ocrx_word' id='word_1_41' title='bbox 296 1040 454 1107; x_wconf 87' lang='lat' dir='ltr'>catholica</span> <span class='ocrx_word' id='word_1_42' title='bbox 485 1043 536 1105; x_wconf 82' lang='lat' dir='ltr'>ost</span> <span class='ocrx_word' id='word_1_43' title='bbox 567 1041 662 1106; x_wconf 88' lang='lat' dir='ltr'>otiam</span> <span class='ocrx_word' id='word_1_44' title='bbox 696 1042 738 1105; x_wconf 38' lang='lat' dir='ltr'>in»</span> <span class='ocrx_word' id='word_1_45' title='bbox 760 1040 877 1117; x_wconf 78' lang='lat' dir='ltr'>Africa,</span> <span class='ocrx_word' id='word_1_46' title='bbox 911 1038 986 1122; x_wconf 87' lang='lat' dir='ltr'>quia</span> <span class='ocrx_word' id='word_1_47' title='bbox 1017 1058 1074 1120; x_wconf 87' lang='lat' dir='ltr'>per</span> <span class='ocrx_word' id='word_1_48' title='bbox 1106 1040 1214 1105; x_wconf 78' lang='lat' dir='ltr'>omnes</span> <span class='ocrx_word' id='word_1_49' title='bbox 1246 1044 1345 1106; x_wconf 85' lang='lat' dir='ltr'>terras</span> <span class='ocrx_word' id='word_1_50' title='bbox 1373 1059 1446 1107; x_wconf 86' lang='lat' dir='ltr'>eam</span> <span class='ocrx_word' id='word_1_51' title='bbox 1484 1061 1500 1100; x_wconf 70' lang='lat' dir='ltr'>e</span> 
     </span>
     <span class='ocr_line' id='line_1_7' title="bbox 296 1147 1446 1231; baseline -0.002 -18"><span class='ocrx_word' id='word_1_52' title='bbox 296 1148 374 1213; x_wconf 86' lang='lat' dir='ltr'>deus</span> <span class='ocrx_word' id='word_1_53' title='bbox 395 1165 466 1212; x_wconf 86' lang='lat' dir='ltr'>esso</span> <span class='ocrx_word' id='word_1_54' title='bbox 483 1148 590 1214; x_wconf 87' lang='lat' dir='ltr'>uoluit</span> <span class='ocrx_word' id='word_1_55' title='bbox 608 1151 642 1214; x_wconf 90' lang='lat' dir='ltr'>et</span> <span class='ocrx_word' id='word_1_56' title='bbox 662 1147 827 1231; x_wconf 73' lang='lat' dir='ltr'>praedixit.</span> <span class='ocrx_word' id='word_1_57' title='bbox 851 1165 926 1229; x_wconf 85' lang='lat' dir='ltr'>pars</span> <span class='ocrx_word' id='word_1_58' title='bbox 949 1149 1056 1211; x_wconf 89' lang='lat' dir='ltr'>autem</span> <span class='ocrx_word' id='word_1_59' title='bbox 1080 1153 1201 1226; x_wconf 82' lang='lat' dir='ltr'>uestra,</span> <span class='ocrx_word' id='word_1_60' title='bbox 1223 1167 1304 1231; x_wconf 89' lang='lat' dir='ltr'>quae</span> <span class='ocrx_word' id='word_1_61' title='bbox 1325 1147 1446 1213; x_wconf 87' lang='lat' dir='ltr'>Donati</span> 
     </span>
     <span class='ocr_line' id='line_1_8' title="bbox 295 1251 1446 1336; baseline 0.001 -18"><span class='ocrx_word' id='word_1_62' title='bbox 295 1253 422 1330; x_wconf 87' lang='lat' dir='ltr'>dicitur,</span> <span class='ocrx_word' id='word_1_63' title='bbox 449 1272 510 1320; x_wconf 86' lang='lat' dir='ltr'>noa</span> <span class='ocrx_word' id='word_1_64' title='bbox 539 1257 590 1320; x_wconf 89' lang='lat' dir='ltr'>est</span> <span class='ocrx_word' id='word_1_65' title='bbox 614 1255 647 1319; x_wconf 87' lang='lat' dir='ltr'>in</span> <span class='ocrx_word' id='word_1_66' title='bbox 676 1254 742 1319; x_wconf 87' lang='lat' dir='ltr'>illis</span> <span class='ocrx_word' id='word_1_67' title='bbox 771 1253 919 1319; x_wconf 87' lang='lat' dir='ltr'>omuibus</span> <span class='ocrx_word' id='word_1_68' title='bbox 945 1251 1038 1331; x_wconf 72' lang='lat' dir='ltr'>locis,</span> <span class='ocrx_word' id='word_1_69' title='bbox 1065 1252 1097 1317; x_wconf 87' lang='lat' dir='ltr'>in</span> <span class='ocrx_word' id='word_1_70' title='bbox 1126 1253 1243 1336; x_wconf 86' lang='lat' dir='ltr'>quihus</span> <span class='ocrx_word' id='word_1_71' title='bbox 1267 1256 1299 1319; x_wconf 92' lang='lat' dir='ltr'>et</span> <span class='ocrx_word' id='word_1_72' title='bbox 1320 1254 1446 1319; x_wconf 85' lang='lat' dir='ltr'>litterae</span> 
     </span>
     <span class='ocr_line' id='line_1_9' title="bbox 296 1343 1444 1444; baseline 0 -20"><span class='ocrx_word' id='word_1_73' title='bbox 296 1367 330 1424; x_wconf 88' lang='lat' dir='ltr'>et</span> <span class='ocrx_word' id='word_1_74' title='bbox 357 1378 460 1426; x_wconf 89' lang='lat' dir='ltr'>sermo</span> <span class='ocrx_word' id='word_1_75' title='bbox 487 1363 522 1425; x_wconf 88' lang='lat' dir='ltr'>et</span> <span class='ocrx_word' id='word_1_76' title='bbox 548 1361 634 1431; x_wconf 85' lang='lat' dir='ltr'>lacta</span> <span class='ocrx_word' id='word_1_77' title='bbox 661 1360 837 1444; x_wconf 83' lang='lat' dir='ltr'>apostolica</span> <span class='ocrx_word' id='word_1_78' title='bbox 865 1343 1081 1435; x_wconf 81' lang='lat' dir='ltr'>cucurrerunt,</span> <span class='ocrx_word' id='word_1_79' title='bbox 1105 1359 1223 1425; x_wconf 88' lang='lat' dir='ltr'>sedne</span> <span class='ocrx_word' id='word_1_80' title='bbox 1247 1359 1444 1425; x_wconf 85' lang='lat' dir='ltr'>dicatisnon</span> 
     </span>
     <span class='ocr_line' id='line_1_10' title="bbox 296 1463 1447 1540; baseline -0.001 -9"><span class='ocrx_word' id='word_1_81' title='bbox 296 1466 404 1532; x_wconf 88' lang='lat' dir='ltr'>uocari</span> <span class='ocrx_word' id='word_1_82' title='bbox 431 1466 600 1532; x_wconf 87' lang='lat' dir='ltr'>ecclesiam</span> <span class='ocrx_word' id='word_1_83' title='bbox 627 1470 768 1532; x_wconf 85' lang='lat' dir='ltr'>nostram</span> <span class='ocrx_word' id='word_1_84' title='bbox 797 1464 989 1531; x_wconf 81' lang='lat' dir='ltr'>catholicam</span> <span class='ocrx_word' id='word_1_85' title='bbox 1019 1464 1074 1529; x_wconf 89' lang='lat' dir='ltr'>sod</span> <span class='ocrx_word' id='word_1_86' title='bbox 1102 1463 1324 1540; x_wconf 76' lang='lat' dir='ltr'>Macedonem,</span> <span class='ocrx_word' id='word_1_87' title='bbox 1349 1464 1447 1530; x_wconf 87' lang='lat' dir='ltr'>sicuti</span> 
     </span>
     <span class='ocr_line' id='line_1_11' title="bbox 296 1570 1548 1665; baseline -0.004 -27"><span class='ocrx_word' id='word_1_88' title='bbox 296 1592 366 1638; x_wconf 90' lang='lat' dir='ltr'>eam</span> <span class='ocrx_word' id='word_1_89' title='bbox 397 1590 458 1638; x_wconf 88' lang='lat' dir='ltr'>uos</span> <span class='ocrx_word' id='word_1_90' title='bbox 490 1573 670 1656; x_wconf 80' lang='lat' dir='ltr'>appellatis,</span> <span class='ocrx_word' id='word_1_91' title='bbox 703 1591 798 1638; x_wconf 81' lang='lat' dir='ltr'>nosse</span> <span class='ocrx_word' id='word_1_92' title='bbox 820 1572 940 1638; x_wconf 85' lang='lat' dir='ltr'>debes.</span> <span class='ocrx_word' id='word_1_93' title='bbox 974 1570 1059 1654; x_wconf 86' lang='lat' dir='ltr'>quod</span> <span class='ocrx_word' id='word_1_94' title='bbox 1090 1571 1243 1637; x_wconf 84' lang='lat' dir='ltr'>facillime</span> <span class='ocrx_word' id='word_1_95' title='bbox 1269 1576 1385 1655; x_wconf 82' lang='lat' dir='ltr'>potest,</span> <span class='ocrx_word' id='word_1_96' title='bbox 1412 1572 1445 1636; x_wconf 89' lang='lat' dir='ltr'>in</span> <span class='ocrx_word' id='word_1_97' title='bbox 1465 1593 1501 1646; x_wconf 79' lang='lat' dir='ltr'>ro</span> <span class='ocrx_word' id='word_1_98' title='bbox 1540 1654 1548 1665; x_wconf 28' lang='lat'><strong>‘</strong></span> 
     </span>
     <span class='ocr_line' id='line_1_12' title="bbox 295 1670 1448 1763; baseline -0.001 -21"><span class='ocrx_word' id='word_1_99' title='bbox 295 1670 361 1743; x_wconf 89' lang='lat' dir='ltr'>illis</span> <span class='ocrx_word' id='word_1_100' title='bbox 389 1678 537 1744; x_wconf 87' lang='lat' dir='ltr'>omnibus</span> <span class='ocrx_word' id='word_1_101' title='bbox 564 1679 721 1762; x_wconf 70' lang='lat' dir='ltr'>partibus,</span> <span class='ocrx_word' id='word_1_102' title='bbox 749 1678 831 1744; x_wconf 88' lang='lat' dir='ltr'>unde</span> <span class='ocrx_word' id='word_1_103' title='bbox 858 1677 939 1742; x_wconf 85' lang='lat' dir='ltr'>istas</span> <span class='ocrx_word' id='word_1_104' title='bbox 965 1681 1066 1743; x_wconf 84' lang='lat' dir='ltr'>terras</span> <span class='ocrx_word' id='word_1_105' title='bbox 1094 1678 1297 1763; x_wconf 85' lang='lat' dir='ltr'>euangelium</span> <span class='ocrx_word' id='word_1_106' title='bbox 1327 1677 1448 1744; x_wconf 81' lang='lat' dir='ltr'>Christi</span> 
     </span>
     <span class='ocr_line' id='line_1_13' title="bbox 297 1783 1447 1867; baseline 0 -19"><span class='ocrx_word' id='word_1_107' title='bbox 297 1784 447 1867; x_wconf 70' lang='lat' dir='ltr'>perfudit,</span> <span class='ocrx_word' id='word_1_108' title='bbox 479 1803 537 1849; x_wconf 89' lang='lat' dir='ltr'>noc</span> <span class='ocrx_word' id='word_1_109' title='bbox 564 1804 678 1851; x_wconf 87' lang='lat' dir='ltr'>nomon</span> <span class='ocrx_word' id='word_1_110' title='bbox 700 1783 819 1850; x_wconf 87' lang='lat' dir='ltr'>Donati</span> <span class='ocrx_word' id='word_1_111' title='bbox 847 1784 922 1850; x_wconf 89' lang='lat' dir='ltr'>sciri</span> <span class='ocrx_word' id='word_1_112' title='bbox 950 1802 1008 1849; x_wconf 90' lang='lat' dir='ltr'>nec</span> <span class='ocrx_word' id='word_1_113' title='bbox 1031 1801 1143 1849; x_wconf 89' lang='lat' dir='ltr'>nomen</span> <span class='ocrx_word' id='word_1_114' title='bbox 1167 1784 1310 1859; x_wconf 82' lang='lat' dir='ltr'>Macarii3</span> <span class='ocrx_word' id='word_1_115' title='bbox 1339 1787 1447 1849; x_wconf 76' lang='lat' dir='ltr'>uestra</span> 
     </span>
     <span class='ocr_line' id='line_1_14' title="bbox 297 1889 1446 1975; baseline 0 -21"><span class='ocrx_word' id='word_1_116' title='bbox 297 1895 405 1955; x_wconf 88' lang='lat' dir='ltr'>autem</span> <span class='ocrx_word' id='word_1_117' title='bbox 433 1889 509 1974; x_wconf 89' lang='lat' dir='ltr'>quia</span> <span class='ocrx_word' id='word_1_118' title='bbox 538 1890 652 1957; x_wconf 86' lang='lat' dir='ltr'>Donati</span> <span class='ocrx_word' id='word_1_119' title='bbox 682 1910 756 1975; x_wconf 88' lang='lat' dir='ltr'>pars</span> <span class='ocrx_word' id='word_1_120' title='bbox 784 1890 912 1967; x_wconf 82' lang='lat' dir='ltr'>dicitur,</span> <span class='ocrx_word' id='word_1_121' title='bbox 940 1908 1086 1956; x_wconf 83' lang='lat' dir='ltr'>necros</span> <span class='ocrx_word' id='word_1_122' title='bbox 1114 1909 1227 1974; x_wconf 83' lang='lat' dir='ltr'>negare</span> <span class='ocrx_word' id='word_1_123' title='bbox 1255 1891 1391 1974; x_wconf 85' lang='lat' dir='ltr'>potestis</span> <span class='ocrx_word' id='word_1_124' title='bbox 1414 1895 1446 1954; x_wconf 89' lang='lat' dir='ltr'>et</span> 
     </span>
     <span class='ocr_line' id='line_1_15' title="bbox 297 1996 1447 2080; baseline -0.002 -18"><span class='ocrx_word' id='word_1_125' title='bbox 297 1996 444 2062; x_wconf 82' lang='lat' dir='ltr'>omnibus</span> <span class='ocrx_word' id='word_1_126' title='bbox 467 2000 579 2062; x_wconf 88' lang='lat' dir='ltr'>notum</span> <span class='ocrx_word' id='word_1_127' title='bbox 603 2002 666 2073; x_wconf 81' lang='lat' dir='ltr'>ost,</span> <span class='ocrx_word' id='word_1_128' title='bbox 689 1997 882 2079; x_wconf 85' lang='lat' dir='ltr'>ubicumque</span> <span class='ocrx_word' id='word_1_129' title='bbox 906 2000 957 2062; x_wconf 86' lang='lat' dir='ltr'>est</span> <span class='ocrx_word' id='word_1_130' title='bbox 973 2000 1084 2062; x_wconf 85' lang='lat' dir='ltr'>uestra</span> <span class='ocrx_word' id='word_1_131' title='bbox 1102 1997 1293 2062; x_wconf 87' lang='lat' dir='ltr'>communio.</span> <span class='ocrx_word' id='word_1_132' title='bbox 1317 1996 1447 2080; x_wconf 87' lang='lat' dir='ltr'>dignare</span> 
     </span>
     <span class='ocr_line' id='line_1_16' title="bbox 297 2101 1499 2187; baseline -0.003 -19"><span class='ocrx_word' id='word_1_133' title='bbox 297 2122 372 2187; x_wconf 82' lang='lat' dir='ltr'>ergo</span> <span class='ocrx_word' id='word_1_134' title='bbox 399 2103 573 2169; x_wconf 88' lang='lat' dir='ltr'>rescribere</span> <span class='ocrx_word' id='word_1_135' title='bbox 600 2103 703 2181; x_wconf 87' lang='lat' dir='ltr'>nobis,</span> <span class='ocrx_word' id='word_1_136' title='bbox 733 2107 771 2168; x_wconf 89' lang='lat' dir='ltr'>ut</span> <span class='ocrx_word' id='word_1_137' title='bbox 798 2101 949 2184; x_wconf 77' lang='lat' dir='ltr'>sciamus,</span> <span class='ocrx_word' id='word_1_138' title='bbox 979 2107 1041 2184; x_wconf 88' lang='lat' dir='ltr'>quo</span> <span class='ocrx_word' id='word_1_139' title='bbox 1063 2102 1159 2169; x_wconf 91' lang='lat' dir='ltr'>modo</span> <span class='ocrx_word' id='word_1_140' title='bbox 1182 2102 1250 2177; x_wconf 85' lang='lat' dir='ltr'>fieri</span> <span class='ocrx_word' id='word_1_141' title='bbox 1272 2102 1386 2185; x_wconf 83' lang='lat' dir='ltr'>possit,</span> <span class='ocrx_word' id='word_1_142' title='bbox 1409 2106 1448 2166; x_wconf 87' lang='lat' dir='ltr'>ut</span> <span class='ocrx_word' id='word_1_143' title='bbox 1467 2127 1499 2165; x_wconf 69' lang='lat' dir='ltr'>rs</span> 
     </span>
     <span class='ocr_line' id='line_1_17' title="bbox 299 2207 1447 2293; baseline -0.002 -18"><span class='ocrx_word' id='word_1_144' title='bbox 299 2209 468 2275; x_wconf 88' lang='lat' dir='ltr'>ecclesiam</span> <span class='ocrx_word' id='word_1_145' title='bbox 496 2228 588 2275; x_wconf 85' lang='lat' dir='ltr'>suam</span> <span class='ocrx_word' id='word_1_146' title='bbox 615 2207 764 2274; x_wconf 81' lang='lat' dir='ltr'>Christus</span> <span class='ocrx_word' id='word_1_147' title='bbox 792 2208 831 2273; x_wconf 88' lang='lat' dir='ltr'>de</span> <span class='ocrx_word' id='word_1_148' title='bbox 859 2212 928 2274; x_wconf 90' lang='lat' dir='ltr'>toto</span> <span class='ocrx_word' id='word_1_149' title='bbox 953 2209 1027 2274; x_wconf 87' lang='lat' dir='ltr'>orbo</span> <span class='ocrx_word' id='word_1_150' title='bbox 1050 2208 1223 2293; x_wconf 85' lang='lat' dir='ltr'>perdiderit</span> <span class='ocrx_word' id='word_1_151' title='bbox 1245 2214 1278 2290; x_wconf 79' lang='lat' dir='ltr'>et</span> <span class='ocrx_word' id='word_1_152' title='bbox 1299 2209 1331 2274; x_wconf 91' lang='lat' dir='ltr'>in</span> <span class='ocrx_word' id='word_1_153' title='bbox 1354 2208 1447 2274; x_wconf 87' lang='lat' dir='ltr'>uobis</span> 
     </span>
     <span class='ocr_line' id='line_1_18' title="bbox 301 2314 1446 2397; baseline -0.001 -17"><span class='ocrx_word' id='word_1_154' title='bbox 301 2315 378 2380; x_wconf 84' lang='lat' dir='ltr'>solis</span> <span class='ocrx_word' id='word_1_155' title='bbox 401 2314 517 2380; x_wconf 87' lang='lat' dir='ltr'>hahere</span> <span class='ocrx_word' id='word_1_156' title='bbox 541 2315 689 2397; x_wconf 81' lang='lat' dir='ltr'>coeperit.</span> <span class='ocrx_word' id='word_1_157' title='bbox 714 2319 858 2380; x_wconf 83' lang='lat' dir='ltr'>uestram</span> <span class='ocrx_word' id='word_1_158' title='bbox 882 2314 1039 2379; x_wconf 83' lang='lat' dir='ltr'>estasim</span> <span class='ocrx_word' id='word_1_159' title='bbox 1062 2315 1143 2380; x_wconf 84' lang='lat' dir='ltr'>haec</span> <span class='ocrx_word' id='word_1_160' title='bbox 1167 2314 1347 2392; x_wconf 79' lang='lat' dir='ltr'>ostendera3</span> <span class='ocrx_word' id='word_1_161' title='bbox 1376 2333 1446 2380; x_wconf 88' lang='lat' dir='ltr'>nom</span> 
     </span>
    </p>
   </div>
   <div class='ocr_carea' id='block_1_3' title="bbox 298 2404 1498 3035">
    <p class='ocr_par' dir='ltr' id='par_1_3' title="bbox 298 2404 1498 3035">
     <span class='ocr_line' id='line_1_19' title="bbox 298 2404 1447 2506; baseline 0 -20"><span class='ocrx_word' id='word_1_162' title='bbox 298 2421 393 2487; x_wconf 84' lang='lat' dir='ltr'>nobis</span> <span class='ocrx_word' id='word_1_163' title='bbox 421 2404 542 2490; x_wconf 80' lang='lat' dir='ltr'>sdfficit</span> <span class='ocrx_word' id='word_1_164' title='bbox 569 2422 609 2486; x_wconf 87' lang='lat' dir='ltr'>od</span> <span class='ocrx_word' id='word_1_165' title='bbox 636 2440 767 2486; x_wconf 87' lang='lat' dir='ltr'>causam</span> <span class='ocrx_word' id='word_1_166' title='bbox 789 2425 942 2501; x_wconf 81' lang='lat' dir='ltr'>nostram,</span> <span class='ocrx_word' id='word_1_167' title='bbox 967 2420 1051 2503; x_wconf 88' lang='lat' dir='ltr'>quod</span> <span class='ocrx_word' id='word_1_168' title='bbox 1075 2416 1227 2506; x_wconf 83' lang='lat' dir='ltr'>compleri</span> <span class='ocrx_word' id='word_1_169' title='bbox 1248 2422 1447 2505; x_wconf 86' lang='lat' dir='ltr'>prophetiam</span> 
     </span>
     <span class='ocr_line' id='line_1_20' title="bbox 302 2521 1448 2616; baseline -0.001 -23"><span class='ocrx_word' id='word_1_170' title='bbox 302 2531 335 2593; x_wconf 91' lang='lat' dir='ltr'>et</span> <span class='ocrx_word' id='word_1_171' title='bbox 357 2526 540 2610; x_wconf 82' lang='lat' dir='ltr'>scripturas.</span> <span class='ocrx_word' id='word_1_172' title='bbox 556 2532 683 2616; x_wconf 78' lang='lat' dir='ltr'>sanctas</span> <span class='ocrx_word' id='word_1_173' title='bbox 705 2547 761 2612; x_wconf 87' lang='lat' dir='ltr'>per</span> <span class='ocrx_word' id='word_1_174' title='bbox 784 2527 891 2593; x_wconf 86' lang='lat' dir='ltr'>orbem</span> <span class='ocrx_word' id='word_1_175' title='bbox 910 2529 1065 2592; x_wconf 78' lang='lat' dir='ltr'>terraram</span> <span class='ocrx_word' id='word_1_176' title='bbox 1084 2528 1243 2593; x_wconf 84' lang='lat' dir='ltr'>uidemus.</span> <span class='ocrx_word' id='word_1_177' title='bbox 1262 2521 1322 2593; x_wconf 89' lang='lat' dir='ltr'>hoc</span> <span class='ocrx_word' id='word_1_178' title='bbox 1341 2531 1448 2594; x_wconf 86' lang='lat' dir='ltr'>autem</span> 
     </span>
     <span class='ocr_line' id='line_1_21' title="bbox 301 2631 1498 2718; baseline -0.002 -20"><span class='ocrx_word' id='word_1_179' title='bbox 301 2650 361 2717; x_wconf 85' lang='lat' dir='ltr'>ego</span> <span class='ocrx_word' id='word_1_180' title='bbox 392 2631 595 2716; x_wconf 80' lang='lat' dir='ltr'>Augustinus</span> <span class='ocrx_word' id='word_1_181' title='bbox 626 2633 756 2711; x_wconf 77' lang='lat' dir='ltr'>dictam,</span> <span class='ocrx_word' id='word_1_182' title='bbox 789 2634 865 2715; x_wconf 87' lang='lat' dir='ltr'>quia</span> <span class='ocrx_word' id='word_1_183' title='bbox 896 2634 973 2699; x_wconf 91' lang='lat' dir='ltr'>olim</span> <span class='ocrx_word' id='word_1_184' title='bbox 1008 2633 1081 2699; x_wconf 90' lang='lat' dir='ltr'>uolo</span> <span class='ocrx_word' id='word_1_185' title='bbox 1108 2634 1196 2718; x_wconf 90' lang='lat' dir='ltr'>loqui</span> <span class='ocrx_word' id='word_1_186' title='bbox 1224 2632 1297 2699; x_wconf 84' lang='lat' dir='ltr'>inde</span> <span class='ocrx_word' id='word_1_187' title='bbox 1324 2637 1448 2710; x_wconf 70' lang='lat' dir='ltr'>tecum</span> <span class='ocrx_word' id='word_1_188' title='bbox 1465 2655 1498 2698; x_wconf 79' lang='lat' dir='ltr'>ao</span> 
     </span>
     <span class='ocr_line' id='line_1_22' title="bbox 300 2737 1448 2823; baseline 0.002 -20"><span class='ocrx_word' id='word_1_189' title='bbox 300 2737 430 2803; x_wconf 87' lang='lat' dir='ltr'>uidetur</span> <span class='ocrx_word' id='word_1_190' title='bbox 458 2738 541 2803; x_wconf 85' lang='lat' dir='ltr'>enim</span> <span class='ocrx_word' id='word_1_191' title='bbox 569 2738 649 2803; x_wconf 91' lang='lat' dir='ltr'>mihi</span> <span class='ocrx_word' id='word_1_192' title='bbox 675 2740 729 2806; x_wconf 88' lang='lat' dir='ltr'>uel</span> <span class='ocrx_word' id='word_1_193' title='bbox 755 2743 885 2822; x_wconf 78' lang='lat' dir='ltr'>propter</span> <span class='ocrx_word' id='word_1_194' title='bbox 911 2739 1013 2823; x_wconf 81' lang='lat' dir='ltr'>ipsam</span> <span class='ocrx_word' id='word_1_195' title='bbox 1044 2740 1240 2806; x_wconf 82' lang='lat' dir='ltr'>uicinitatem</span> <span class='ocrx_word' id='word_1_196' title='bbox 1268 2758 1363 2823; x_wconf 91' lang='lat' dir='ltr'>posse</span> <span class='ocrx_word' id='word_1_197' title='bbox 1390 2759 1448 2805; x_wconf 87' lang='lat' dir='ltr'>ros</span> 
     </span>
     <span class='ocr_line' id='line_1_23' title="bbox 301 2829 1448 2930; baseline 0.002 -21"><span class='ocrx_word' id='word_1_198' title='bbox 301 2863 358 2926; x_wconf 89' lang='lat' dir='ltr'>per</span> <span class='ocrx_word' id='word_1_199' title='bbox 379 2844 510 2909; x_wconf 87' lang='lat' dir='ltr'>litteras·</span> <span class='ocrx_word' id='word_1_200' title='bbox 527 2843 566 2911; x_wconf 88' lang='lat' dir='ltr'>de</span> <span class='ocrx_word' id='word_1_201' title='bbox 589 2845 649 2912; x_wconf 85' lang='lat' dir='ltr'>hac</span> <span class='ocrx_word' id='word_1_202' title='bbox 672 2865 704 2911; x_wconf 89' lang='lat' dir='ltr'>re</span> <span class='ocrx_word' id='word_1_203' title='bbox 728 2846 877 2929; x_wconf 81' lang='lat' dir='ltr'>conloqui</span> <span class='ocrx_word' id='word_1_204' title='bbox 901 2846 970 2911; x_wconf 88' lang='lat' dir='ltr'>sine</span> <span class='ocrx_word' id='word_1_205' title='bbox 989 2846 1096 2930; x_wconf 88' lang='lat' dir='ltr'>aliquo</span> <span class='ocrx_word' id='word_1_206' title='bbox 1115 2829 1258 2912; x_wconf 77' lang='lat' dir='ltr'>tumulto</span> <span class='ocrx_word' id='word_1_207' title='bbox 1271 2846 1448 2911; x_wconf 87' lang='lat' dir='ltr'>adiuuante</span> 
     </span>
     <span class='ocr_line' id='line_1_24' title="bbox 301 2950 1018 3035; baseline 0.003 -21"><span class='ocrx_word' id='word_1_208' title='bbox 301 2950 371 3027; x_wconf 87' lang='lat' dir='ltr'>deo,</span> <span class='ocrx_word' id='word_1_209' title='bbox 395 2951 551 3033; x_wconf 83' lang='lat' dir='ltr'>quantum</span> <span class='ocrx_word' id='word_1_210' title='bbox 572 2951 645 3035; x_wconf 89' lang='lat' dir='ltr'>ipsa</span> <span class='ocrx_word' id='word_1_211' title='bbox 667 2952 842 3018; x_wconf 81' lang='lat' dir='ltr'>necessitas</span> <span class='ocrx_word' id='word_1_212' title='bbox 865 2952 1018 3035; x_wconf 87' lang='lat' dir='ltr'>postulat.</span> 
     </span>
    </p>
   </div>
   <div class='ocr_carea' id='block_1_4' title="bbox 301 3131 1448 3567">
    <p class='ocr_par' dir='ltr' id='par_1_4' title="bbox 301 3131 1448 3567">
     <span class='ocr_line' id='line_1_25' title="bbox 337 3131 1447 3198; baseline 0.003 -4"><span class='ocrx_word' id='word_1_213' title='bbox 337 3142 416 3194; x_wconf 73' lang='lat' dir='ltr'>{rest</span> <span class='ocrx_word' id='word_1_214' title='bbox 433 3155 484 3193; x_wconf 78' lang='lat' dir='ltr'>ooo.</span> <span class='ocrx_word' id='word_1_215' title='bbox 504 3141 532 3193; x_wconf 95' lang='lat' dir='ltr'><strong><em>A</em></strong></span> <span class='ocrx_word' id='word_1_216' title='bbox 581 3140 741 3195; x_wconf 79' lang='lat' dir='ltr'>&#39;l&#39;omnihus</span> <span class='ocrx_word' id='word_1_217' title='bbox 759 3141 814 3195; x_wconf 87' lang='lat' dir='ltr'>illis</span> <span class='ocrx_word' id='word_1_218' title='bbox 834 3141 894 3197; x_wconf 79' lang='lat' dir='ltr'>edd.</span> <span class='ocrx_word' id='word_1_219' title='bbox 944 3131 1054 3197; x_wconf 80' lang='lat' dir='ltr'>diaeta</span> <span class='ocrx_word' id='word_1_220' title='bbox 1073 3147 1102 3197; x_wconf 84' lang='lat' dir='ltr'>et</span> <span class='ocrx_word' id='word_1_221' title='bbox 1119 3142 1258 3198; x_wconf 80' lang='lat' dir='ltr'>sermoM</span> <span class='ocrx_word' id='word_1_222' title='bbox 1304 3141 1447 3198; x_wconf 82' lang='lat' dir='ltr'>9macha·</span> 
     </span>
     <span class='ocr_line' id='line_1_26' title="bbox 301 3227 1447 3302; baseline 0.003 -21"><span class='ocrx_word' id='word_1_223' title='bbox 301 3243 402 3290; x_wconf 82' lang='lat' dir='ltr'>ronam,</span> <span class='ocrx_word' id='word_1_224' title='bbox 420 3227 703 3284; x_wconf 77' lang='lat' dir='ltr'>or.2macl1aria&#39;nam</span> <span class='ocrx_word' id='word_1_225' title='bbox 721 3229 758 3283; x_wconf 85' lang='grc' dir='ltr'><em>Μ</em></span> <span class='ocrx_word' id='word_1_226' title='bbox 803 3231 836 3285; x_wconf 88' lang='grc'>10</span> <span class='ocrx_word' id='word_1_227' title='bbox 855 3229 959 3302; x_wconf 87' lang='lat' dir='ltr'>potes?</span> <span class='ocrx_word' id='word_1_228' title='bbox 1015 3232 1045 3284; x_wconf 89' lang='lat'>11</span> <span class='ocrx_word' id='word_1_229' title='bbox 1066 3231 1145 3301; x_wconf 87' lang='lat' dir='ltr'>istas]</span> <span class='ocrx_word' id='word_1_230' title='bbox 1166 3231 1227 3287; x_wconf 86' lang='lat' dir='ltr'>istis</span> <span class='ocrx_word' id='word_1_231' title='bbox 1245 3233 1272 3285; x_wconf 98' lang='lat' dir='ltr'><strong><em>A</em></strong></span> <span class='ocrx_word' id='word_1_232' title='bbox 1319 3231 1447 3294; x_wconf 77' lang='lat' dir='ltr'>lascire,</span> 
     </span>
     <span class='ocr_line' id='line_1_27' title="bbox 301 3314 1448 3390; baseline 0.005 -22"><span class='ocrx_word' id='word_1_233' title='bbox 301 3318 367 3368; x_wconf 64' lang='grc' dir='ltr'><em>Μ</em></span> <span class='ocrx_word' id='word_1_234' title='bbox 384 3314 447 3374; x_wconf 87' lang='lat' dir='ltr'>sciri</span> <span class='ocrx_word' id='word_1_235' title='bbox 465 3314 526 3371; x_wconf 83' lang='lat' dir='ltr'>MR</span> <span class='ocrx_word' id='word_1_236' title='bbox 545 3317 613 3371; x_wconf 86' lang='lat' dir='ltr'>scire</span> <span class='ocrx_word' id='word_1_237' title='bbox 631 3319 658 3371; x_wconf 95' lang='lat' dir='ltr'><strong><em>A</em></strong></span> <span class='ocrx_word' id='word_1_238' title='bbox 712 3317 841 3382; x_wconf 83' lang='lat' dir='ltr'>machari,</span> <span class='ocrx_word' id='word_1_239' title='bbox 859 3321 926 3373; x_wconf 64' lang='grc' dir='ltr'><em>Μ</em></span> <span class='ocrx_word' id='word_1_240' title='bbox 947 3318 1118 3373; x_wconf 88' lang='lat' dir='ltr'>machariiP</span> <span class='ocrx_word' id='word_1_241' title='bbox 1172 3320 1206 3374; x_wconf 85' lang='grc'>13</span> <span class='ocrx_word' id='word_1_242' title='bbox 1225 3319 1300 3390; x_wconf 85' lang='lat' dir='ltr'>quia]</span> <span class='ocrx_word' id='word_1_243' title='bbox 1323 3324 1379 3389; x_wconf 86' lang='lat' dir='ltr'>qua</span> <span class='ocrx_word' id='word_1_244' title='bbox 1394 3318 1448 3374; x_wconf 80' lang='lat' dir='ltr'>FA</span> 
     </span>
     <span class='ocr_line' id='line_1_28' title="bbox 301 3399 1447 3476; baseline 0.004 -20"><span class='ocrx_word' id='word_1_245' title='bbox 301 3399 423 3472; x_wconf 77' lang='lat' dir='ltr'>quaeM</span> <span class='ocrx_word' id='word_1_246' title='bbox 476 3405 509 3457; x_wconf 85' lang='grc'>16</span> <span class='ocrx_word' id='word_1_247' title='bbox 528 3403 602 3476; x_wconf 86' lang='lat' dir='ltr'>orbo]</span> <span class='ocrx_word' id='word_1_248' title='bbox 622 3406 688 3465; x_wconf 76' lang='lat' dir='ltr'>orbe</span> <span class='ocrx_word' id='word_1_249' title='bbox 706 3411 836 3461; x_wconf 84' lang='lat' dir='ltr'>terrarum</span> <span class='ocrx_word' id='word_1_250' title='bbox 851 3407 879 3463; x_wconf 84' lang='lat' dir='ltr'><em>R</em></span> <span class='ocrx_word' id='word_1_251' title='bbox 935 3408 968 3463; x_wconf 82' lang='lat'>17</span> <span class='ocrx_word' id='word_1_252' title='bbox 986 3407 1110 3462; x_wconf 84' lang='lat' dir='ltr'>habitare</span> <span class='ocrx_word' id='word_1_253' title='bbox 1128 3408 1166 3462; x_wconf 78' lang='lat' dir='ltr'><em>M</em></span> <span class='ocrx_word' id='word_1_254' title='bbox 1236 3408 1307 3463; x_wconf 85' lang='lat' dir='ltr'>enim</span> <span class='ocrx_word' id='word_1_255' title='bbox 1327 3412 1369 3460; x_wconf 84' lang='lat' dir='ltr'>est</span> <span class='ocrx_word' id='word_1_256' title='bbox 1387 3408 1447 3463; x_wconf 81' lang='lat' dir='ltr'>edd.</span> 
     </span>
     <span class='ocr_line' id='line_1_29' title="bbox 336 3492 1448 3567; baseline 0.006 -23"><span class='ocrx_word' id='word_1_257' title='bbox 336 3492 669 3555; x_wconf 74' lang='lat' dir='ltr'>hoc,corr.m.1hecM</span> <span class='ocrx_word' id='word_1_258' title='bbox 719 3495 752 3549; x_wconf 80' lang='lat'>18</span> <span class='ocrx_word' id='word_1_259' title='bbox 771 3495 914 3566; x_wconf 86' lang='lat' dir='ltr'>complere,</span> <span class='ocrx_word' id='word_1_260' title='bbox 934 3499 1000 3551; x_wconf 65' lang='grc' dir='ltr'><em>Μ</em></span> <span class='ocrx_word' id='word_1_261' title='bbox 1018 3496 1188 3567; x_wconf 78' lang='lat' dir='ltr'>complerilt</span> <span class='ocrx_word' id='word_1_262' title='bbox 1237 3497 1270 3551; x_wconf 84' lang='lat'>21</span> <span class='ocrx_word' id='word_1_263' title='bbox 1290 3512 1405 3551; x_wconf 84' lang='lat' dir='ltr'>nosom.</span> <span class='ocrx_word' id='word_1_264' title='bbox 1421 3498 1448 3550; x_wconf 98' lang='lat' dir='ltr'><strong><em>A</em></strong></span> 
     </span>
    </p>
   </div>
   <div class='ocr_carea' id='block_1_5' title="bbox 0 0 1669 4867">
    <p class='ocr_par' dir='ltr' id='par_1_5' title="bbox 0 0 1669 4867">
     <span class='ocr_line' id='line_1_30' title="bbox 0 0 1669 4867; baseline 0 0"><span class='ocrx_word' id='word_1_265' title='bbox 0 0 1669 4867; x_wconf 95' lang='lat' dir='ltr'> </span> 
     </span>
    </p>
   </div>
  </div>
 </body>
</html>
