3309 4867
259 259 322 324 742
618 258 644 310 S.
673 257 813 310 Aureli
842 257 1058 326 Augustini

258 451 357 515 deus
389 452 631 515 misereatur
663 451 725 514 mei
756 470 810 534 per
839 450 997 517 orationes
1025 457 1096 517 tuns
1125 458 1158 517 et
1188 453 1415 518 inluminet

258 558 418 626 nultum
448 577 562 622 suum
592 577 714 641 super
741 576 791 622 me
819 577 876 640 per
903 558 1062 624 lucernam
1090 558 1179 624 uerbi
1207 561 1266 638 tui,
1299 564 1413 625 sancte

257 665 393 741 domine,
417 664 600 728 beatissime
620 666 715 729 frater
733 664 764 729 in
784 663 910 729 demine
930 665 1055 731 Christe
1076 665 1233 742 unanime,
1256 666 1414 749 magister

257 790 347 835 niens
371 770 402 835 in
422 769 482 834 fide
503 755 648 835 ueritatis
669 773 701 836 et
724 775 892 853 susceptor
911 790 1001 836 maus
1021 771 1051 836 in
1071 771 1248 837 uisceribus
1268 770 1411 836 caritatis

258 876 388 942 Christi.
1445 902 1460 940 s

768 1070 894 1136 CXXII.

310 1208 575 1265 DlLECTlSSIllIS
594 1209 797 1265 FRATRIBUS
817 1208 1057 1265 conclamem
1075 1209 1122 1264 ΕΤ
1142 1208 1347 1264 talvusssnss

348 1318 351 1324 ·
439 1299 547 1352 PLEBI
567 1297 799 1353 AUGUSTINUS
817 1299 857 1352 ΙΝ
876 1297 1023 1353 DOMINO
1043 1298 1220 1354 SALUTEM.

215 1431 254 1492 1.
302 1424 336 1488 In
364 1424 475 1506 primis
504 1427 577 1507 peto
608 1424 771 1489 caritatem
807 1427 947 1490 uestram
976 1429 1011 1489 et
1043 1443 1099 1508 per
1125 1424 1232 1490 lesum
1265 1424 1410 1500 obsecra,

258 1548 295 1593 ne
329 1548 387 1594 uas
419 1548 491 1594 mea
524 1530 690 1594 contristet
727 1530 871 1595 absentia
904 1531 1085 1614 casperalis.
1124 1549 1194 1593 nam
1228 1530 1342 1611 spiritu
1376 1532 1410 1592 et
1431 1550 1459 1588 m

170 1681 180 1696 .
257 1635 360 1702 cordis
385 1636 500 1699 affectu
524 1647 604 1718 pute
626 1657 685 1701 nos
710 1656 769 1700 nan
794 1636 938 1700 dubitare
968 1636 1055 1701 nulle
1080 1635 1174 1700 modo
1197 1653 1248 1699 me
1272 1652 1290 1699 a
1313 1635 1409 1700 nobis

255 1755 351 1824 pesse
381 1741 554 1816 discedere,
582 1743 728 1823 quannuis
763 1761 812 1806 me
843 1743 979 1822 nnspliua
1009 1743 1175 1807 contristet
1203 1760 1297 1823 quam
1325 1739 1409 1804 sexte

258 1866 315 1913 uos
335 1840 444 1944 ipsos,
470 1848 554 1930 qued
578 1847 748 1915 infirmitas
771 1868 843 1912 mea
871 1847 1015 1913 sulficere
1044 1869 1106 1920 nen
1132 1849 1238 1930 petest
1260 1845 1409 1911 omnibus

258 1954 354 2028 curis,
388 1960 465 2037 quas
499 1954 538 2019 de
571 1974 621 2018 me
655 1957 785 2040 exigunt
815 1956 958 2021 membra
986 1953 1115 2033 Christi,
1148 1954 1264 2037 quibus
1295 1954 1411 2020 meet

255 2061 351 2124 timer
379 2062 448 2126 eius
483 2067 514 2125 et
547 2062 661 2126 caritas
695 2062 814 2126 seruire
848 2062 1020 2146 compellit.
1054 2060 1135 2126 illud
1167 2060 1250 2126 euim
1282 2057 1455 2124 ueneritis

258 2171 365 2231 nestra
389 2168 516 2232 dilectio
540 2188 713 2251 numquam
738 2151 788 2233 me
812 2169 975 2234 absentem
1002 2169 1102 2234 fuisse
1124 2167 1291 2234 licentiosa
1311 2165 1407 2230 liber-

258 2277 322 2337 tate
357 2273 411 2338 sed
445 2275 621 2339 necessasia
653 2276 819 2352 seruitute,
849 2294 928 2358 quae
957 2294 1051 2357 saepe
1079 2277 1211 2340 sanctos
1232 2273 1344 2338 fratres
1372 2276 1408 2337 et

258 2378 396 2462 callegas
419 2400 508 2445 meos
528 2371 624 2445 etiam
647 2381 771 2445 labores
794 2382 932 2447 marinas
952 2384 985 2447 et
1002 2379 1226 2446 transmarinos
1251 2378 1406 2460 compulit

257 2487 424 2562 sustinere,
463 2506 481 2552 a
513 2487 628 2570 quibus
662 2507 712 2552 me
750 2507 875 2570 semper
906 2507 966 2553 nen
1004 2487 1166 2552 indeuetie
1198 2486 1314 2551 mentis
1347 2482 1405 2549 sed

256 2593 361 2657 minus
386 2594 498 2658 idonea
522 2594 664 2658 ualitudo
685 2596 824 2678 corporis
844 2594 1015 2660 excusauit.
1039 2592 1178 2676 proinde,
1203 2590 1404 2656 dilectissimi
1422 2606 1453 2646 ²0

346 2804 359 2856 l
381 2801 424 2857 Pa.
445 2802 488 2857 de.
508 2804 524 2856 2

292 2927 303 2978 l
327 2924 504 2978 miseraeatur
522 2927 578 2992 (pr.
598 2941 615 2978 a
633 2931 704 2994 cap.)
729 2926 755 2978 V
843 2927 859 2980 8
879 2925 998 2994 danninc]
1019 2926 1036 2977 d
1055 2924 1087 2978 K
1177 2922 1285 2978 Ohrista
1304 2939 1355 2977 aaa.
1375 2925 1405 2974 A

290 3013 440 3076 unianimes,
458 3028 526 3067 cerr.
546 3018 606 3067 m.1
626 3014 760 3067 unanimis
780 3015 813 3069 Μ
857 3013 1030 3084 tueritatis]
1051 3013 1173 3067 caritatis
1192 3015 1219 3068 A
1265 3010 1403 3067 debriati

254 3118 305 3154 oua
330 3099 354 3152 V
372 3101 431 3155 edd.
524 3102 641 3170 Explicit
660 3103 779 3171 epistula
798 3102 903 3172 paulinl
922 3102 957 3157 ad
976 3106 1097 3156 sanetum
1117 3101 1292 3171 augustinum
1309 3098 1405 3153 ΜΡΚ

254 3190 365 3260 explicit
380 3190 498 3259 epistula
513 3191 615 3260 paulini
629 3191 653 3244 0
665 3191 775 3260 explicit
789 3192 907 3262 epistula
920 3191 1024 3261 paulini
1039 3190 1073 3244 ad
1087 3193 1209 3244 sanctum
1225 3187 1402 3259 augustinum

254 3294 332 3332 amen
355 3278 380 3332 G
400 3280 509 3348 explicit
528 3279 602 3333 beati
621 3280 726 3350 paulini
744 3279 779 3334 ad
799 3284 923 3335 sanctum
941 3285 1049 3350 august.
1075 3278 1100 3331 V

363 3401 390 3454 P
413 3426 446 3447 =
467 3402 524 3455 cod.
543 3402 695 3456 Parisinus
712 3420 776 3457 aaa,
797 3421 854 3472 aeq.
875 3407 953 3456 1443
972 3421 993 3455 a.
1014 3402 1134 3455 ΙΧ-Χ,

361 3489 395 3543 M
414 3515 446 3535 =
467 3491 525 3544 cod.
545 3491 724 3546 Monacensis
744 3496 824 3547 6266
846 3511 863 3542 a,
884 3494 921 3545 Χῖ

359 3579 389 3632 F
414 3604 447 3625 =
468 3580 526 3635 cod.
546 3579 765 3651 Salisbarpenss‘a
783 3582 814 3633 X
832 3585 872 3634 29
889 3599 911 3636 a.
931 3581 1052 3634 X-XI.

360 3669 386 3720 A
415 3692 447 3713 =
469 3670 525 3722 aad,
548 3670 857 3738 Audemaropolitnaas
878 3673 923 3727 76.
944 3674 971 3725 8.
990 3672 1008 3722 9
1025 3685 1047 3725 s.
1066 3668 1187 3722 Χ-ΧΙ,

359 3758 396 3810 1³¹
414 3785 445 3802 ι
468 3758 525 3813 aad.
546 3758 694 3812 Parisinus
712 3776 777 3812 aaa.
799 3775 857 3827 aeq.
878 3763 994 3814 14443.
1014 3757 1069 3812 XI.

359 3847 385 3901 R
416 3872 448 3892 :2
468 3847 524 3900 cod.
546 3847 620 3902 Mas.
640 3847 712 3901 Brit,
733 3848 797 3916 Rea.
821 3847 886 3901 51>
910 3844 953 3901 VI
967 3865 988 3902 a.
1007 3846 1165 3901 XI-XII.

289 3972 304 4022 7
324 3971 475 4026 clericali
566 3973 582 4023 8
602 3971 763 4040 augustinus
783 3972 971 4041 episcopusin
990 3971 1017 4023 P
1103 3973 1120 4025 9
1140 3969 1241 4041 Iesum]
1265 3969 1399 4024 christum

254 4059 314 4113 PP¹
327 4060 425 4125 sirm
518 4060 550 4112 12
570 4059 671 4112 discere
692 4059 720 4112 F
794 4062 939 4113 contristat
958 4059 986 4112 F
1075 4061 1107 4113 14
1127 4065 1156 4114 et
1174 4059 1272 4113 caritas
1293 4059 1349 4116 tius
1370 4063 1399 4113 et

251 4149 332 4201 timor
351 4148 378 4203 R
435 4149 466 4202 16
487 4148 597 4200 dilectio
618 4153 709 4201 nestra
728 4149 787 4200 edd.
