<?xml version="1.0" encoding="UTF-8"?>
<!DOCTYPE html PUBLIC "-//W3C//DTD XHTML 1.0 Transitional//EN"
    "http://www.w3.org/TR/xhtml1/DTD/xhtml1-transitional.dtd">
<html xmlns="http://www.w3.org/1999/xhtml" xml:lang="en" lang="en">
 <head>
  <title>
</title>
<meta http-equiv="Content-Type" content="text/html;charset=utf-8" />
  <meta name='ocr-system' content='tesseract 3.04.00' />
  <meta name='ocr-capabilities' content='ocr_page ocr_carea ocr_par ocr_line ocrx_word'/>
</head>
<body>
  <div class='ocr_page' id='page_1' title='image "./savreliavgvstin00goldgoog_0449.png"; bbox 0 0 3309 4867; ppageno 0'>
   <div class='ocr_carea' id='block_1_1' title="bbox 592 342 1381 436">
    <p class='ocr_par' dir='ltr' id='par_1_1' title="bbox 592 342 1381 436">
     <span class='ocr_line' id='line_1_1' title="bbox 592 342 1381 436; baseline 0.014 -18"><span class='ocrx_word' id='word_1_1' title='bbox 592 342 1032 435; x_wconf 64' lang='lat' dir='ltr'><strong>spreturirumxcscr.</strong></span> <span class='ocrx_word' id='word_1_2' title='bbox 1178 380 1198 419; x_wconf 64' lang='lat' dir='ltr'><em>s</em></span> <span class='ocrx_word' id='word_1_3' title='bbox 1318 373 1381 436; x_wconf 70' lang='lat'><strong>42?</strong></span> 
     </span>
    </p>
   </div>
   <div class='ocr_carea' id='block_1_2' title="bbox 75 558 1384 1283">
    <p class='ocr_par' dir='ltr' id='par_1_2' title="bbox 231 558 1382 966">
     <span class='ocr_line' id='line_1_2' title="bbox 232 558 1382 643; baseline 0.003 -18"><span class='ocrx_word' id='word_1_4' title='bbox 232 560 392 642; x_wconf 80' lang='lat' dir='ltr'><strong>potentem</strong></span> <span class='ocrx_word' id='word_1_5' title='bbox 416 558 512 625; x_wconf 86' lang='lat' dir='ltr'><strong>deam</strong></span> <span class='ocrx_word' id='word_1_6' title='bbox 534 560 661 625; x_wconf 88' lang='lat' dir='ltr'><strong>ueniam</strong></span> <span class='ocrx_word' id='word_1_7' title='bbox 684 560 819 626; x_wconf 86' lang='lat' dir='ltr'><strong>aliorum</strong></span> <span class='ocrx_word' id='word_1_8' title='bbox 842 560 954 625; x_wconf 88' lang='lat' dir='ltr'><strong>mereri</strong></span> <span class='ocrx_word' id='word_1_9' title='bbox 977 559 1115 625; x_wconf 79' lang='lat' dir='ltr'><strong>delictis.</strong></span> <span class='ocrx_word' id='word_1_10' title='bbox 1138 563 1298 643; x_wconf 85' lang='lat' dir='ltr'><strong>quam-ob</strong></span> <span class='ocrx_word' id='word_1_11' title='bbox 1317 583 1382 629; x_wconf 90' lang='lat' dir='ltr'><strong>rem</strong></span> 
     </span>
     <span class='ocr_line' id='line_1_3' title="bbox 232 665 1381 757; baseline 0.007 -29"><span class='ocrx_word' id='word_1_12' title='bbox 232 667 351 746; x_wconf 80' lang='lat' dir='ltr'><strong>quanta</strong></span> <span class='ocrx_word' id='word_1_13' title='bbox 375 683 510 748; x_wconf 82' lang='lat' dir='ltr'><strong>possum</strong></span> <span class='ocrx_word' id='word_1_14' title='bbox 530 666 769 748; x_wconf 70' lang='lat' dir='ltr'><strong>⁴supplicatione</strong></span> <span class='ocrx_word' id='word_1_15' title='bbox 796 665 946 757; x_wconf 81' lang='lat' dir='ltr'><strong>deposco,</strong></span> <span class='ocrx_word' id='word_1_16' title='bbox 974 668 1021 743; x_wconf 80' lang='lat' dir='ltr'><strong>nt,</strong></span> <span class='ocrx_word' id='word_1_17' title='bbox 1050 667 1078 732; x_wconf 89' lang='lat' dir='ltr'><strong>si</strong></span> <span class='ocrx_word' id='word_1_18' title='bbox 1106 667 1302 735; x_wconf 83' lang='lat' dir='ltr'><strong>defendenda</strong></span> <span class='ocrx_word' id='word_1_19' title='bbox 1331 690 1381 736; x_wconf 90' lang='lat' dir='ltr'><strong>res</strong></span> 
     </span>
     <span class='ocr_line' id='line_1_4' title="bbox 232 770 1382 860; baseline 0.006 -25"><span class='ocrx_word' id='word_1_20' title='bbox 232 772 292 848; x_wconf 82' lang='lat' dir='ltr'><strong>est,</strong></span> <span class='ocrx_word' id='word_1_21' title='bbox 320 770 467 838; x_wconf 81' lang='lat' dir='ltr'><strong>innoxius</strong></span> <span class='ocrx_word' id='word_1_22' title='bbox 495 771 704 855; x_wconf 71' lang='lat' dir='ltr'><strong>defendemur,¹</strong></span> <span class='ocrx_word' id='word_1_23' title='bbox 719 773 758 838; x_wconf 86' lang='lat' dir='ltr'><strong>ab</strong></span> <span class='ocrx_word' id='word_1_24' title='bbox 785 773 1007 839; x_wconf 79' lang='lat' dir='ltr'><strong>innocentibus</strong></span> <span class='ocrx_word' id='word_1_25' title='bbox 1035 773 1185 839; x_wconf 77' lang='lat' dir='ltr'><strong>molestia</strong></span> <span class='ocrx_word' id='word_1_26' title='bbox 1208 779 1382 860; x_wconf 76' lang='lat' dir='ltr'>separetur.</span> 
     </span>
     <span class='ocr_line' id='line_1_5' title="bbox 231 877 1382 966; baseline 0.005 -24"><span class='ocrx_word' id='word_1_27' title='bbox 231 881 359 961; x_wconf 81' lang='lat' dir='ltr'><strong>praesta</strong></span> <span class='ocrx_word' id='word_1_28' title='bbox 388 878 459 957; x_wconf 80' lang='lat' dir='ltr'><strong>hoc,</strong></span> <span class='ocrx_word' id='word_1_29' title='bbox 492 877 579 962; x_wconf 82' lang='lat' dir='ltr'><strong>quod</strong></span> <span class='ocrx_word' id='word_1_30' title='bbox 606 878 781 945; x_wconf 86' lang='lat' dir='ltr'><strong>secundnm</strong></span> <span class='ocrx_word' id='word_1_31' title='bbox 809 882 956 944; x_wconf 73' lang='lat' dir='ltr'><strong>naturam</strong></span> <span class='ocrx_word' id='word_1_32' title='bbox 982 882 1071 946; x_wconf 74' lang='lat' dir='ltr'><strong>tuam</strong></span> <span class='ocrx_word' id='word_1_33' title='bbox 1099 880 1249 965; x_wconf 73' lang='lat' dir='ltr'><strong>pernities</strong></span> <span class='ocrx_word' id='word_1_34' title='bbox 1271 885 1382 966; x_wconf 74' lang='lat' dir='ltr'><strong>postu·</strong></span> 
     </span>
    </p>

    <p class='ocr_par' dir='ltr' id='par_1_3' title="bbox 75 968 1384 1283">
     <span class='ocr_line' id='line_1_6' title="bbox 75 968 1384 1072; baseline 0.005 -24"><span class='ocrx_word' id='word_1_35' title='bbox 75 989 83 1001; x_wconf 86' lang='lat'>&#39;</span> <span class='ocrx_word' id='word_1_36' title='bbox 197 984 302 1066; x_wconf 67' lang='lat' dir='ltr'><strong>olari.</strong></span> <span class='ocrx_word' id='word_1_37' title='bbox 325 968 512 1051; x_wconf 66' lang='lat' dir='ltr'><strong>decennis</strong></span> <span class='ocrx_word' id='word_1_38' title='bbox 534 984 640 1052; x_wconf 81' lang='lat' dir='ltr'><strong>facilis</strong></span> <span class='ocrx_word' id='word_1_39' title='bbox 661 988 771 1068; x_wconf 75' lang='lat' dir='ltr'><strong>potest</strong></span> <span class='ocrx_word' id='word_1_40' title='bbox 792 986 902 1051; x_wconf 89' lang='lat' dir='ltr'><strong>haberi</strong></span> <span class='ocrx_word' id='word_1_41' title='bbox 925 985 1058 1062; x_wconf 67' lang='lat' dir='ltr'><strong>taxatior</strong></span> <span class='ocrx_word' id='word_1_42' title='bbox 1081 975 1384 1072; x_wconf 81' lang='lat' dir='ltr'><strong>tantnmsupplicia</strong></span> 
     </span>
     <span class='ocr_line' id='line_1_7' title="bbox 231 1091 1381 1177; baseline 0.003 -20"><span class='ocrx_word' id='word_1_43' title='bbox 231 1091 447 1174; x_wconf 75' lang='lat' dir='ltr'>deprecamur.</span> <span class='ocrx_word' id='word_1_44' title='bbox 479 1091 639 1176; x_wconf 74' lang='lat' dir='ltr'><strong>acceptior</strong></span> <span class='ocrx_word' id='word_1_45' title='bbox 671 1092 730 1159; x_wconf 87' lang='lat' dir='ltr'><strong>deo</strong></span> <span class='ocrx_word' id='word_1_46' title='bbox 763 1092 867 1173; x_wconf 84' lang='lat' dir='ltr'><strong>ninas,</strong></span> <span class='ocrx_word' id='word_1_47' title='bbox 899 1092 1025 1158; x_wconf 87' lang='lat' dir='ltr'><strong>domine</strong></span> <span class='ocrx_word' id='word_1_48' title='bbox 1052 1092 1186 1177; x_wconf 89' lang='lat' dir='ltr'><strong>insignis</strong></span> <span class='ocrx_word' id='word_1_49' title='bbox 1215 1097 1249 1159; x_wconf 82' lang='lat' dir='ltr'><strong>et</strong></span> <span class='ocrx_word' id='word_1_50' title='bbox 1270 1094 1381 1161; x_wconf 88' lang='lat' dir='ltr'><strong>merito</strong></span> 
     </span>
     <span class='ocr_line' id='line_1_8' title="bbox 204 1176 563 1283; baseline 0.006 -22"><span class='ocrx_word' id='word_1_51' title='bbox 204 1176 208 1191; x_wconf 69' lang='grc'>’</span> <span class='ocrx_word' id='word_1_52' title='bbox 232 1197 434 1283; x_wconf 86' lang='lat' dir='ltr'><strong>suscipiende</strong></span> <span class='ocrx_word' id='word_1_53' title='bbox 456 1199 563 1264; x_wconf 71' lang='lat' dir='ltr'><strong>maier.</strong></span> 
     </span>
    </p>
   </div>
   <div class='ocr_carea' id='block_1_3' title="bbox 766 1391 849 1459">
    <p class='ocr_par' dir='ltr' id='par_1_4' title="bbox 766 1391 849 1459">
     <span class='ocr_line' id='line_1_9' title="bbox 766 1391 849 1459; baseline 0.024 -3"><span class='ocrx_word' id='word_1_54' title='bbox 766 1391 849 1459; x_wconf 88' lang='lat' dir='ltr'><strong>XCI.</strong></span> 
     </span>
    </p>
   </div>
   <div class='ocr_carea' id='block_1_4' title="bbox 341 1486 1270 1677">
    <p class='ocr_par' dir='ltr' id='par_1_5' title="bbox 341 1486 1270 1677">
     <span class='ocr_line' id='line_1_10' title="bbox 341 1486 1270 1598; baseline 0.002 -13"><span class='ocrx_word' id='word_1_55' title='bbox 341 1529 488 1585; x_wconf 75' lang='lat' dir='ltr'><strong>noaino</strong></span> <span class='ocrx_word' id='word_1_56' title='bbox 508 1530 637 1587; x_wconf 84' lang='lat' dir='ltr'><strong>nxrnno</strong></span> <span class='ocrx_word' id='word_1_57' title='bbox 656 1486 869 1598; x_wconf 76' lang='lat' dir='ltr'><strong>naarroonn</strong></span> <span class='ocrx_word' id='word_1_58' title='bbox 889 1504 1270 1588; x_wconf 74' lang='lat' dir='ltr'><strong>nonoasnrnrnaarsn</strong></span> 
     </span>
     <span class='ocr_line' id='line_1_11' title="bbox 584 1618 1028 1677; baseline 0.007 -3"><span class='ocrx_word' id='word_1_59' title='bbox 584 1618 768 1676; x_wconf 82' lang='lat' dir='ltr'><strong>nncnsaro</strong></span> <span class='ocrx_word' id='word_1_60' title='bbox 788 1621 1028 1677; x_wconf 79' lang='lat' dir='ltr'><strong>sneosnnsns</strong></span> 
     </span>
    </p>
   </div>
   <div class='ocr_carea' id='block_1_5' title="bbox 103 1745 1446 3001">
    <p class='ocr_par' dir='ltr' id='par_1_6' title="bbox 171 1745 1446 2148">
     <span class='ocr_line' id='line_1_12' title="bbox 171 1745 1381 1830; baseline 0.002 -21"><span class='ocrx_word' id='word_1_61' title='bbox 171 1750 178 1801; x_wconf 64' lang='grc' dir='ltr'>ἱ</span> <span class='ocrx_word' id='word_1_62' title='bbox 276 1745 344 1810; x_wconf 87' lang='lat' dir='ltr'><strong>Iam</strong></span> <span class='ocrx_word' id='word_1_63' title='bbox 377 1748 464 1813; x_wconf 88' lang='lat' dir='ltr'><strong>senio</strong></span> <span class='ocrx_word' id='word_1_64' title='bbox 496 1747 743 1830; x_wconf 80' lang='lat' dir='ltr'><strong>frigescentibus</strong></span> <span class='ocrx_word' id='word_1_65' title='bbox 775 1747 927 1813; x_wconf 87' lang='lat' dir='ltr'><strong>membris</strong></span> <span class='ocrx_word' id='word_1_66' title='bbox 947 1746 1082 1812; x_wconf 71' lang='lat' dir='ltr'><strong>vferuere</strong></span> <span class='ocrx_word' id='word_1_67' title='bbox 1116 1746 1255 1811; x_wconf 90' lang='lat' dir='ltr'><strong>animum</strong></span> <span class='ocrx_word' id='word_1_68' title='bbox 1288 1748 1381 1812; x_wconf 81' lang='lat' dir='ltr'><strong>tuum</strong></span> 
     </span>
     <span class='ocr_line' id='line_1_13' title="bbox 231 1851 1446 1939; baseline 0.002 -23"><span class='ocrx_word' id='word_1_69' title='bbox 231 1851 351 1934; x_wconf 78' lang='lat' dir='ltr'><strong>patriae</strong></span> <span class='ocrx_word' id='word_1_70' title='bbox 375 1852 505 1939; x_wconf 76' lang='lat' dir='ltr'><strong>caritate</strong></span> <span class='ocrx_word' id='word_1_71' title='bbox 528 1871 587 1918; x_wconf 92' lang='lat' dir='ltr'><strong>nec</strong></span> <span class='ocrx_word' id='word_1_72' title='bbox 609 1852 707 1918; x_wconf 90' lang='lat' dir='ltr'><strong>miror</strong></span> <span class='ocrx_word' id='word_1_73' title='bbox 729 1857 763 1917; x_wconf 79' lang='lat' dir='ltr'><strong>et</strong></span> <span class='ocrx_word' id='word_1_74' title='bbox 784 1852 880 1919; x_wconf 84' lang='lat' dir='ltr'><strong>lando</strong></span> <span class='ocrx_word' id='word_1_75' title='bbox 903 1856 1009 1935; x_wconf 80' lang='lat' dir='ltr'><strong>teque·</strong></span> <span class='ocrx_word' id='word_1_76' title='bbox 1026 1871 1088 1918; x_wconf 91' lang='lat' dir='ltr'><strong>non</strong></span> <span class='ocrx_word' id='word_1_77' title='bbox 1115 1853 1243 1918; x_wconf 77' lang='lat' dir='ltr'><strong>tantam</strong></span> <span class='ocrx_word' id='word_1_78' title='bbox 1273 1855 1380 1919; x_wconf 82' lang='lat' dir='ltr'><strong>tenere</strong></span> <span class='ocrx_word' id='word_1_79' title='bbox 1444 1885 1446 1890; x_wconf 85' lang='lat'><em>.</em></span> 
     </span>
     <span class='ocr_line' id='line_1_14' title="bbox 230 1942 1379 2042; baseline 0.002 -20"><span class='ocrx_word' id='word_1_80' title='bbox 230 1957 412 2024; x_wconf 84' lang='lat' dir='ltr'><strong>memoriter</strong></span> <span class='ocrx_word' id='word_1_81' title='bbox 442 1978 555 2024; x_wconf 87' lang='lat' dir='ltr'><strong>nerum</strong></span> <span class='ocrx_word' id='word_1_82' title='bbox 587 1960 684 2025; x_wconf 81' lang='lat' dir='ltr'><strong>etiam</strong></span> <span class='ocrx_word' id='word_1_83' title='bbox 711 1942 781 2025; x_wconf 77' lang='lat' dir='ltr'><strong>nite</strong></span> <span class='ocrx_word' id='word_1_84' title='bbox 808 1977 846 2025; x_wconf 86' lang='lat' dir='ltr'><strong>ac</strong></span> <span class='ocrx_word' id='word_1_85' title='bbox 872 1959 1014 2024; x_wconf 85' lang='lat' dir='ltr'><strong>moribus</strong></span> <span class='ocrx_word' id='word_1_86' title='bbox 1033 1957 1269 2041; x_wconf 73' lang='lat' dir='ltr'><strong>demonstrare,</strong></span> <span class='ocrx_word' id='word_1_87' title='bbox 1293 1959 1379 2042; x_wconf 84' lang='lat' dir='ltr'><strong>qnod</strong></span> 
     </span>
     <span class='ocr_line' id='line_1_15' title="bbox 231 2053 1380 2148; baseline 0.003 -21"><span class='ocrx_word' id='word_1_88' title='bbox 231 2053 338 2129; x_wconf 77' lang='lat' dir='ltr'><strong>nolles</strong></span> <span class='ocrx_word' id='word_1_89' title='bbox 376 2064 421 2130; x_wconf 83' lang='lat' dir='ltr'><strong>sit</strong></span> <span class='ocrx_word' id='word_1_90' title='bbox 455 2064 576 2148; x_wconf 81' lang='lat' dir='ltr'><strong>patriae</strong></span> <span class='ocrx_word' id='word_1_91' title='bbox 613 2065 800 2131; x_wconf 83' lang='lat' dir='ltr'><strong>consulendi</strong></span> <span class='ocrx_word' id='word_1_92' title='bbox 836 2064 951 2130; x_wconf 88' lang='lat' dir='ltr'><strong>modus</strong></span> <span class='ocrx_word' id='word_1_93' title='bbox 988 2066 1045 2129; x_wconf 80' lang='lat' dir='ltr'><strong>aut</strong></span> <span class='ocrx_word' id='word_1_94' title='bbox 1080 2062 1159 2132; x_wconf 83' lang='lat' dir='ltr'><strong>fiais¹</strong></span> <span class='ocrx_word' id='word_1_95' title='bbox 1183 2060 1304 2141; x_wconf 86' lang='lat' dir='ltr'><strong>bonis‚&#39;</strong></span> <span class='ocrx_word' id='word_1_96' title='bbox 1319 2082 1380 2131; x_wconf 93' lang='lat' dir='ltr'><strong>non</strong></span> 
     </span>
    </p>

    <p class='ocr_par' dir='ltr' id='par_1_7' title="bbox 185 2169 1380 2367">
     <span class='ocr_line' id='line_1_16' title="bbox 185 2169 1380 2255; baseline 0.003 -22"><span class='ocrx_word' id='word_1_97' title='bbox 185 2186 211 2224; x_wconf 67' lang='grc' dir='ltr'><strong>ω</strong></span> <span class='ocrx_word' id='word_1_98' title='bbox 231 2169 364 2251; x_wconf 74' lang='lat' dir='ltr'><strong>inuitus,</strong></span> <span class='ocrx_word' id='word_1_99' title='bbox 386 2171 485 2236; x_wconf 90' lang='lat' dir='ltr'><strong>immo</strong></span> <span class='ocrx_word' id='word_1_100' title='bbox 509 2171 605 2237; x_wconf 80' lang='lat' dir='ltr'><strong>etiem</strong></span> <span class='ocrx_word' id='word_1_101' title='bbox 627 2171 732 2237; x_wconf 81' lang='lat' dir='ltr'><strong>libens</strong></span> <span class='ocrx_word' id='word_1_102' title='bbox 755 2171 887 2255; x_wconf 89' lang='lat' dir='ltr'><strong>accipio.</strong></span> <span class='ocrx_word' id='word_1_103' title='bbox 920 2170 1003 2236; x_wconf 88' lang='lat' dir='ltr'><strong>unde</strong></span> <span class='ocrx_word' id='word_1_104' title='bbox 1031 2188 1185 2254; x_wconf 77' lang='lat' dir='ltr'><strong>supernae</strong></span> <span class='ocrx_word' id='word_1_105' title='bbox 1213 2170 1380 2236; x_wconf 85' lang='lat' dir='ltr'><strong>cuiusdam</strong></span> 
     </span>
     <span class='ocr_line' id='line_1_17' title="bbox 231 2275 1379 2367; baseline 0.003 -26"><span class='ocrx_word' id='word_1_106' title='bbox 231 2277 360 2358; x_wconf 77' lang='lat' dir='ltr'><strong>pamas,</strong></span> <span class='ocrx_word' id='word_1_107' title='bbox 387 2277 420 2343; x_wconf 89' lang='lat' dir='ltr'><strong>in</strong></span> <span class='ocrx_word' id='word_1_108' title='bbox 447 2277 540 2343; x_wconf 86' lang='lat' dir='ltr'><strong>onius</strong></span> <span class='ocrx_word' id='word_1_109' title='bbox 568 2282 677 2367; x_wconf 82' lang='lat' dir='ltr'><strong>sancto</strong></span> <span class='ocrx_word' id='word_1_110' title='bbox 706 2296 812 2343; x_wconf 89' lang='lat' dir='ltr'><strong>amore</strong></span> <span class='ocrx_word' id='word_1_111' title='bbox 839 2296 895 2360; x_wconf 94' lang='lat' dir='ltr'><strong>pro</strong></span> <span class='ocrx_word' id='word_1_112' title='bbox 918 2279 1029 2348; x_wconf 81' lang='lat' dir='ltr'><strong>nostro</strong></span> <span class='ocrx_word' id='word_1_113' title='bbox 1053 2275 1184 2343; x_wconf 82' lang='lat' dir='ltr'><strong>modulo</strong></span> <span class='ocrx_word' id='word_1_114' title='bbox 1207 2275 1379 2359; x_wconf 74' lang='lat' dir='ltr'><strong>intereos,</strong></span> 
     </span>
    </p>

    <p class='ocr_par' dir='ltr' id='par_1_8' title="bbox 103 2382 1382 2681">
     <span class='ocr_line' id='line_1_18' title="bbox 103 2382 1382 2469; baseline 0.004 -22"><span class='ocrx_word' id='word_1_115' title='bbox 103 2432 140 2462; x_wconf 43' lang='lat' dir='ltr'><em>d</em></span> <span class='ocrx_word' id='word_1_116' title='bbox 230 2383 346 2465; x_wconf 87' lang='lat' dir='ltr'><strong>quibus</strong></span> <span class='ocrx_word' id='word_1_117' title='bbox 375 2384 415 2449; x_wconf 83' lang='lat' dir='ltr'><strong>ad</strong></span> <span class='ocrx_word' id='word_1_118' title='bbox 441 2385 530 2449; x_wconf 87' lang='lat' dir='ltr'><strong>illam</strong></span> <span class='ocrx_word' id='word_1_119' title='bbox 559 2384 786 2468; x_wconf 82' lang='lat' dir='ltr'><strong>capessendam</strong></span> <span class='ocrx_word' id='word_1_120' title='bbox 814 2383 1021 2460; x_wconf 87' lang='lat' dir='ltr'><strong>consulimus,</strong></span> <span class='ocrx_word' id='word_1_121' title='bbox 1045 2382 1262 2465; x_wconf 82' lang='lat' dir='ltr'><strong>periclitamur</strong></span> <span class='ocrx_word' id='word_1_122' title='bbox 1284 2386 1382 2469; x_wconf 77' lang='lat' dir='ltr'><strong>etque</strong></span> 
     </span>
     <span class='ocr_line' id='line_1_19' title="bbox 230 2482 1380 2573; baseline 0.001 -18"><span class='ocrx_word' id='word_1_123' title='bbox 230 2482 546 2569; x_wconf 50' lang='lat' dir='ltr'><strong>commeatalem</strong></span> <span class='ocrx_word' id='word_1_124' title='bbox 574 2492 670 2557; x_wconf 82' lang='lat' dir='ltr'><strong>eiiam</strong></span> <span class='ocrx_word' id='word_1_125' title='bbox 698 2494 730 2556; x_wconf 82' lang='lat' dir='ltr'><strong>te</strong></span> <span class='ocrx_word' id='word_1_126' title='bbox 754 2492 862 2573; x_wconf 90' lang='lat' dir='ltr'><strong>ipsum</strong></span> <span class='ocrx_word' id='word_1_127' title='bbox 885 2491 989 2556; x_wconf 86' lang='lat' dir='ltr'><strong>ciuem</strong></span> <span class='ocrx_word' id='word_1_128' title='bbox 1011 2489 1127 2553; x_wconf 84' lang='lat' dir='ltr'><strong>habere</strong></span> <span class='ocrx_word' id='word_1_129' title='bbox 1150 2489 1317 2555; x_wconf 80' lang='lat' dir='ltr'><strong>ncilemns.</strong></span> <span class='ocrx_word' id='word_1_130' title='bbox 1345 2493 1380 2556; x_wconf 77' lang='lat' dir='ltr'><strong>oi</strong></span> 
     </span>
     <span class='ocr_line' id='line_1_20' title="bbox 231 2578 1379 2681; baseline 0.003 -21"><span class='ocrx_word' id='word_1_131' title='bbox 231 2596 301 2661; x_wconf 90' lang='lat' dir='ltr'><strong>eius</strong></span> <span class='ocrx_word' id='word_1_132' title='bbox 323 2578 544 2680; x_wconf 81' lang='lat' dir='ltr'><strong>portiunculae</strong></span> <span class='ocrx_word' id='word_1_133' title='bbox 567 2599 599 2663; x_wconf 92' lang='lat' dir='ltr'><strong>in</strong></span> <span class='ocrx_word' id='word_1_134' title='bbox 622 2598 680 2663; x_wconf 86' lang='lat' dir='ltr'><strong>hac</strong></span> <span class='ocrx_word' id='word_1_135' title='bbox 703 2602 788 2663; x_wconf 85' lang='lat' dir='ltr'><strong>terra</strong></span> <span class='ocrx_word' id='word_1_136' title='bbox 810 2596 1023 2681; x_wconf 84' lang='lat' dir='ltr'><strong>peregrinanti</strong></span> <span class='ocrx_word' id='word_1_137' title='bbox 1046 2595 1169 2661; x_wconf 82' lang='lat' dir='ltr'><strong>nussum</strong></span> <span class='ocrx_word' id='word_1_138' title='bbox 1193 2596 1379 2664; x_wconf 80' lang='lat' dir='ltr'><strong>consulendi</strong></span> 
     </span>
    </p>

    <p class='ocr_par' dir='ltr' id='par_1_9' title="bbox 141 2701 1393 3001">
     <span class='ocr_line' id='line_1_21' title="bbox 184 2701 1378 2786; baseline 0.002 -20"><span class='ocrx_word' id='word_1_139' title='bbox 184 2717 212 2756; x_wconf 73' lang='lat' dir='ltr'><strong>so</strong></span> <span class='ocrx_word' id='word_1_140' title='bbox 230 2701 361 2768; x_wconf 85' lang='lat' dir='ltr'><strong>modum</strong></span> <span class='ocrx_word' id='word_1_141' title='bbox 406 2701 562 2786; x_wconf 86' lang='lat' dir='ltr'><strong>finemque</strong></span> <span class='ocrx_word' id='word_1_142' title='bbox 609 2722 752 2770; x_wconf 80' lang='lat' dir='ltr'><strong>censeres</strong></span> <span class='ocrx_word' id='word_1_143' title='bbox 793 2707 881 2770; x_wconf 78' lang='lat' dir='ltr'><strong>tanto</strong></span> <span class='ocrx_word' id='word_1_144' title='bbox 924 2702 1056 2769; x_wconf 80' lang='lat' dir='ltr'><strong>effecius</strong></span> <span class='ocrx_word' id='word_1_145' title='bbox 1097 2701 1220 2779; x_wconf 81' lang='lat' dir='ltr'><strong>melior,</strong></span> <span class='ocrx_word' id='word_1_146' title='bbox 1261 2706 1378 2786; x_wconf 80' lang='lat' dir='ltr'><strong>quanio</strong></span> 
     </span>
     <span class='ocr_line' id='line_1_22' title="bbox 231 2808 1379 2895; baseline 0.001 -21"><span class='ocrx_word' id='word_1_147' title='bbox 231 2809 356 2876; x_wconf 90' lang='lat' dir='ltr'><strong>meliori</strong></span> <span class='ocrx_word' id='word_1_148' title='bbox 379 2810 505 2876; x_wconf 78' lang='lat' dir='ltr'><strong>ciuitati</strong></span> <span class='ocrx_word' id='word_1_149' title='bbox 529 2810 634 2876; x_wconf 88' lang='lat' dir='ltr'><strong>officia</strong></span> <span class='ocrx_word' id='word_1_150' title='bbox 657 2810 764 2876; x_wconf 79' lang='lat' dir='ltr'><strong>debita</strong></span> <span class='ocrx_word' id='word_1_151' title='bbox 784 2828 989 2895; x_wconf 79' lang='lat' dir='ltr'><strong>praerogares</strong></span> <span class='ocrx_word' id='word_1_152' title='bbox 1012 2809 1045 2873; x_wconf 91' lang='lat' dir='ltr'><strong>in</strong></span> <span class='ocrx_word' id='word_1_153' title='bbox 1069 2808 1138 2874; x_wconf 88' lang='lat' dir='ltr'><strong>eius</strong></span> <span class='ocrx_word' id='word_1_154' title='bbox 1157 2810 1379 2892; x_wconf 78' lang='lat' dir='ltr'><strong>aeternapaoe</strong></span> 
     </span>
     <span class='ocr_line' id='line_1_23' title="bbox 141 2914 1393 3001; baseline 0.002 -21"><span class='ocrx_word' id='word_1_155' title='bbox 141 2955 146 2963; x_wconf 42' lang='grc' dir='ltr'>ι</span> <span class='ocrx_word' id='word_1_156' title='bbox 230 2915 355 2981; x_wconf 84' lang='lat' dir='ltr'><strong>nullmn</strong></span> <span class='ocrx_word' id='word_1_157' title='bbox 377 2915 536 3001; x_wconf 84' lang='lat' dir='ltr'><strong>gaudendi</strong></span> <span class='ocrx_word' id='word_1_158' title='bbox 558 2917 650 2982; x_wconf 86' lang='lat' dir='ltr'><strong>finem</strong></span> <span class='ocrx_word' id='word_1_159' title='bbox 674 2917 874 2995; x_wconf 77' lang='lat' dir='ltr'><strong>inuenturos,</strong></span> <span class='ocrx_word' id='word_1_160' title='bbox 897 2917 990 2981; x_wconf 88' lang='lat' dir='ltr'><strong>cuins</strong></span> <span class='ocrx_word' id='word_1_161' title='bbox 1014 2914 1054 2980; x_wconf 85' lang='lat' dir='ltr'><strong>ad</strong></span> <span class='ocrx_word' id='word_1_162' title='bbox 1071 2919 1198 2997; x_wconf 80' lang='lat' dir='ltr'><strong>tempus</strong></span> <span class='ocrx_word' id='word_1_163' title='bbox 1216 2915 1393 2982; x_wconf 82' lang='lat' dir='ltr'><strong>laboribus·</strong></span> 
     </span>
    </p>
   </div>
   <div class='ocr_carea' id='block_1_6' title="bbox 230 3021 951 3173">
    <p class='ocr_par' dir='ltr' id='par_1_10' title="bbox 230 3021 951 3173">
     <span class='ocr_line' id='line_1_24' title="bbox 230 3021 951 3101; baseline 0.003 -16"><span class='ocrx_word' id='word_1_164' title='bbox 230 3023 353 3101; x_wconf 86' lang='lat' dir='ltr'><strong>nullum</strong></span> <span class='ocrx_word' id='word_1_165' title='bbox 375 3021 441 3088; x_wconf 59' lang='lat' dir='ltr'><strong>tibi*</strong></span> <span class='ocrx_word' id='word_1_166' title='bbox 458 3023 552 3088; x_wconf 87' lang='lat' dir='ltr'><strong>finem</strong></span> <span class='ocrx_word' id='word_1_167' title='bbox 577 3024 728 3089; x_wconf 75' lang='lat' dir='ltr'><strong>statueris</strong></span> <span class='ocrx_word' id='word_1_168' title='bbox 752 3022 951 3089; x_wconf 87' lang='lat' dir='ltr'><strong>consulendi.</strong></span> 
     </span>
     <span class='ocr_line' id='line_1_25' title="bbox 438 3132 447 3173; baseline 0 0"><span class='ocrx_word' id='word_1_169' title='bbox 438 3132 447 3173; x_wconf 83' lang='grc' dir='ltr'><strong><em>Ι</em></strong></span> 
     </span>
    </p>
   </div>
   <div class='ocr_carea' id='block_1_7' title="bbox 319 3208 902 3285">
    <p class='ocr_par' dir='ltr' id='par_1_11' title="bbox 319 3208 902 3285">
     <span class='ocr_line' id='line_1_26' title="bbox 319 3208 902 3285; baseline -0.002 -19"><span class='ocrx_word' id='word_1_170' title='bbox 319 3214 355 3267; x_wconf 79' lang='lat'><strong>14</strong></span> <span class='ocrx_word' id='word_1_171' title='bbox 373 3237 406 3258; x_wconf 92' lang='lat'>=</span> <span class='ocrx_word' id='word_1_172' title='bbox 426 3230 451 3283; x_wconf 90' lang='lat' dir='ltr'><strong>p.</strong></span> <span class='ocrx_word' id='word_1_173' title='bbox 469 3213 634 3285; x_wconf 38' lang='lat' dir='ltr'><strong>42ssb5-6;</strong></span> <span class='ocrx_word' id='word_1_174' title='bbox 653 3208 716 3277; x_wconf 76' lang='lat'><strong>428,</strong></span> <span class='ocrx_word' id='word_1_175' title='bbox 735 3212 868 3275; x_wconf 80' lang='grc'><strong>22-429,</strong></span> <span class='ocrx_word' id='word_1_176' title='bbox 889 3212 902 3265; x_wconf 92' lang='lat'>1</span> 
     </span>
    </p>
   </div>
   <div class='ocr_carea' id='block_1_8' title="bbox 229 3304 1379 3600">
    <p class='ocr_par' dir='ltr' id='par_1_12' title="bbox 229 3304 1379 3600">
     <span class='ocr_line' id='line_1_27' title="bbox 266 3304 1377 3422; baseline 0.003 -15"><span class='ocrx_word' id='word_1_177' title='bbox 266 3354 283 3407; x_wconf 82' lang='lat'><strong>2</strong></span> <span class='ocrx_word' id='word_1_178' title='bbox 300 3304 455 3418; x_wconf 70' lang='lat' dir='ltr'><strong>deferende,</strong></span> <span class='ocrx_word' id='word_1_179' title='bbox 474 3350 539 3410; x_wconf 64' lang='lat' dir='ltr'><strong>m</strong></span> <span class='ocrx_word' id='word_1_180' title='bbox 557 3352 729 3409; x_wconf 78' lang='lat' dir='ltr'><strong>defendenda</strong></span> <span class='ocrx_word' id='word_1_181' title='bbox 745 3353 782 3408; x_wconf 83' lang='grc' dir='ltr'><em>Μ</em></span> <span class='ocrx_word' id='word_1_182' title='bbox 804 3328 810 3405; x_wconf 66' lang='lat' dir='ltr'><em>ss</em></span> <span class='ocrx_word' id='word_1_183' title='bbox 861 3353 877 3407; x_wconf 88' lang='grc'>3</span> <span class='ocrx_word' id='word_1_184' title='bbox 896 3352 1019 3406; x_wconf 86' lang='lat' dir='ltr'><strong>innoxios</strong></span> <span class='ocrx_word' id='word_1_185' title='bbox 1037 3351 1071 3406; x_wconf 83' lang='lat' dir='ltr'><strong>K.</strong></span> <span class='ocrx_word' id='word_1_186' title='bbox 1151 3353 1169 3406; x_wconf 76' lang='lat'>4</span> <span class='ocrx_word' id='word_1_187' title='bbox 1187 3352 1331 3422; x_wconf 79' lang='lat' dir='ltr'><strong>praesides</strong></span> <span class='ocrx_word' id='word_1_188' title='bbox 1349 3354 1377 3410; x_wconf 84' lang='lat' dir='ltr'><em>R</em></span> 
     </span>
     <span class='ocr_line' id='line_1_28' title="bbox 266 3434 1376 3511; baseline -0.001 -14"><span class='ocrx_word' id='word_1_189' title='bbox 266 3440 398 3511; x_wconf 73' lang='lat' dir='ltr'><strong>postulari</strong></span> <span class='ocrx_word' id='word_1_190' title='bbox 417 3444 439 3507; x_wconf 87' lang='lat' dir='ltr'><strong>(i</strong></span> <span class='ocrx_word' id='word_1_191' title='bbox 456 3443 488 3496; x_wconf 77' lang='lat' dir='ltr'><strong>ire</strong></span> <span class='ocrx_word' id='word_1_192' title='bbox 505 3458 562 3497; x_wconf 82' lang='lat' dir='ltr'><strong>rae.</strong></span> <span class='ocrx_word' id='word_1_193' title='bbox 581 3458 616 3496; x_wconf 81' lang='lat' dir='ltr'><strong>m.</strong></span> <span class='ocrx_word' id='word_1_194' title='bbox 633 3448 666 3497; x_wconf 77' lang='lat' dir='ltr'><strong>oct</strong></span> <span class='ocrx_word' id='word_1_195' title='bbox 683 3442 742 3496; x_wconf 76' lang='lat' dir='ltr'><strong>uid.</strong></span> <span class='ocrx_word' id='word_1_196' title='bbox 762 3447 787 3508; x_wconf 86' lang='lat'><strong>1)</strong></span> <span class='ocrx_word' id='word_1_197' title='bbox 807 3441 835 3494; x_wconf 77' lang='lat' dir='ltr'><strong><em>A</em></strong></span> <span class='ocrx_word' id='word_1_198' title='bbox 907 3444 923 3496; x_wconf 84' lang='lat'>5</span> <span class='ocrx_word' id='word_1_199' title='bbox 941 3434 1050 3504; x_wconf 68' lang='lat' dir='ltr'><strong>hebere,</strong></span> <span class='ocrx_word' id='word_1_200' title='bbox 1069 3456 1137 3495; x_wconf 82' lang='lat' dir='ltr'><strong>corr.</strong></span> <span class='ocrx_word' id='word_1_201' title='bbox 1156 3446 1218 3495; x_wconf 71' lang='lat' dir='ltr'><strong>nel</strong></span> <span class='ocrx_word' id='word_1_202' title='bbox 1236 3441 1331 3496; x_wconf 79' lang='lat' dir='ltr'><strong>haberi</strong></span> <span class='ocrx_word' id='word_1_203' title='bbox 1348 3443 1376 3497; x_wconf 84' lang='lat' dir='ltr'><em>R</em></span> 
     </span>
     <span class='ocr_line' id='line_1_29' title="bbox 229 3526 1379 3600; baseline -0.001 -15"><span class='ocrx_word' id='word_1_204' title='bbox 229 3529 246 3584; x_wconf 83' lang='lat'>6</span> <span class='ocrx_word' id='word_1_205' title='bbox 267 3534 399 3600; x_wconf 81' lang='lat' dir='ltr'><strong>acceptor,</strong></span> <span class='ocrx_word' id='word_1_206' title='bbox 418 3546 488 3584; x_wconf 84' lang='lat' dir='ltr'><strong>corr.</strong></span> <span class='ocrx_word' id='word_1_207' title='bbox 507 3535 568 3584; x_wconf 73' lang='lat' dir='ltr'><strong>oa]</strong></span> <span class='ocrx_word' id='word_1_208' title='bbox 587 3531 723 3600; x_wconf 84' lang='lat' dir='ltr'><strong>acceptior</strong></span> <span class='ocrx_word' id='word_1_209' title='bbox 741 3530 776 3584; x_wconf 85' lang='grc' dir='ltr'><strong>Μ</strong></span> <span class='ocrx_word' id='word_1_210' title='bbox 848 3528 909 3599; x_wconf 85' lang='lat' dir='ltr'><strong>deo]</strong></span> <span class='ocrx_word' id='word_1_211' title='bbox 930 3528 981 3582; x_wconf 82' lang='lat' dir='ltr'><strong>dno</strong></span> <span class='ocrx_word' id='word_1_212' title='bbox 1000 3526 1028 3582; x_wconf 84' lang='lat' dir='ltr'><em>R</em></span> <span class='ocrx_word' id='word_1_213' title='bbox 1096 3529 1112 3582; x_wconf 80' lang='lat'><strong>7</strong></span> <span class='ocrx_word' id='word_1_214' title='bbox 1131 3528 1303 3599; x_wconf 82' lang='lat' dir='ltr'><strong>suspiciende</strong></span> <span class='ocrx_word' id='word_1_215' title='bbox 1320 3530 1379 3584; x_wconf 80' lang='lat' dir='ltr'><strong>Pa·</strong></span> 
     </span>
    </p>
   </div>
   <div class='ocr_carea' id='block_1_9' title="bbox 318 3671 1106 3920">
    <p class='ocr_par' dir='ltr' id='par_1_13' title="bbox 318 3671 1106 3920">
     <span class='ocr_line' id='line_1_30' title="bbox 319 3671 927 3754; baseline 0 -29"><span class='ocrx_word' id='word_1_216' title='bbox 319 3671 403 3727; x_wconf 74' lang='lat' dir='ltr'><strong>Idem</strong></span> <span class='ocrx_word' id='word_1_217' title='bbox 415 3671 527 3754; x_wconf 77' lang='lat' dir='ltr'><strong>codices,</strong></span> <span class='ocrx_word' id='word_1_218' title='bbox 546 3674 596 3740; x_wconf 77' lang='lat' dir='ltr'><strong>gui</strong></span> <span class='ocrx_word' id='word_1_219' title='bbox 612 3673 645 3725; x_wconf 71' lang='lat' dir='ltr'><strong>ia</strong></span> <span class='ocrx_word' id='word_1_220' title='bbox 662 3688 695 3742; x_wconf 83' lang='lat' dir='ltr'><strong>cp</strong></span> <span class='ocrx_word' id='word_1_221' title='bbox 722 3672 804 3739; x_wconf 84' lang='lat' dir='ltr'><strong><em>X0.;</em></strong></span> <span class='ocrx_word' id='word_1_222' title='bbox 821 3672 927 3726; x_wconf 69' lang='lat' dir='ltr'><strong>accedit</strong></span> 
     </span>
     <span class='ocr_line' id='line_1_31' title="bbox 318 3760 1106 3831; baseline -0.005 -15"><span class='ocrx_word' id='word_1_223' title='bbox 318 3762 349 3816; x_wconf 80' lang='grc' dir='ltr'><em>Ε</em></span> <span class='ocrx_word' id='word_1_224' title='bbox 364 3785 398 3808; x_wconf 92' lang='lat'>=</span> <span class='ocrx_word' id='word_1_225' title='bbox 411 3762 516 3831; x_wconf 63' lang='grc' dir='ltr'><strong>[νᾶφυ.</strong></span> <span class='ocrx_word' id='word_1_226' title='bbox 536 3761 595 3816; x_wconf 75' lang='lat' dir='ltr'><strong>eod.</strong></span> <span class='ocrx_word' id='word_1_227' title='bbox 616 3760 868 3817; x_wconf 72' lang='lat' dir='ltr'><strong>Cheiterrhcmcnsc‘e</strong></span> <span class='ocrx_word' id='word_1_228' title='bbox 886 3763 986 3815; x_wconf 78' lang='grc'><em>16588</em></span> <span class='ocrx_word' id='word_1_229' title='bbox 1002 3776 1024 3813; x_wconf 83' lang='lat' dir='ltr'><strong>o.</strong></span> <span class='ocrx_word' id='word_1_230' title='bbox 1044 3760 1106 3813; x_wconf 78' lang='lat' dir='ltr'><strong>XI:</strong></span> 
     </span>
     <span class='ocr_line' id='line_1_32' title="bbox 410 3848 913 3920; baseline -0.006 -15"><span class='ocrx_word' id='word_1_231' title='bbox 410 3867 438 3920; x_wconf 84' lang='lat' dir='ltr'><strong>p.</strong></span> <span class='ocrx_word' id='word_1_232' title='bbox 459 3854 527 3914; x_wconf 75' lang='lat'><strong>433,</strong></span> <span class='ocrx_word' id='word_1_233' title='bbox 548 3855 567 3905; x_wconf 85' lang='grc'><strong><em>3</em></strong></span> <span class='ocrx_word' id='word_1_234' title='bbox 586 3848 715 3917; x_wconf 73' lang='lat' dir='ltr'><strong>(reddita)</strong></span> <span class='ocrx_word' id='word_1_235' title='bbox 736 3880 770 3890; x_wconf 93' lang='lat'>-</span> <span class='ocrx_word' id='word_1_236' title='bbox 791 3853 859 3916; x_wconf 73' lang='lat'><strong><em>435,</em></strong></span> <span class='ocrx_word' id='word_1_237' title='bbox 879 3852 913 3903; x_wconf 80' lang='lat'><strong>15</strong></span> 
     </span>
    </p>
   </div>
   <div class='ocr_carea' id='block_1_10' title="bbox 131 3990 1410 4332">
    <p class='ocr_par' dir='ltr' id='par_1_14' title="bbox 266 3990 1374 4063">
     <span class='ocr_line' id='line_1_33' title="bbox 266 3990 1374 4063; baseline -0.003 -17"><span class='ocrx_word' id='word_1_238' title='bbox 266 3993 300 4047; x_wconf 86' lang='lat'><strong>12</strong></span> <span class='ocrx_word' id='word_1_239' title='bbox 318 3991 436 4047; x_wconf 81' lang='lat' dir='ltr'><strong>landate·</strong></span> <span class='ocrx_word' id='word_1_240' title='bbox 448 4008 517 4063; x_wconf 81' lang='lat' dir='ltr'><strong>quae</strong></span> <span class='ocrx_word' id='word_1_241' title='bbox 535 3992 570 4047; x_wconf 83' lang='lat' dir='ltr'><em>K</em></span> <span class='ocrx_word' id='word_1_242' title='bbox 639 4010 694 4047; x_wconf 91' lang='lat' dir='ltr'><strong>non</strong></span> <span class='ocrx_word' id='word_1_243' title='bbox 713 3995 821 4047; x_wconf 81' lang='lat' dir='ltr'><strong>tantam</strong></span> <span class='ocrx_word' id='word_1_244' title='bbox 840 4009 893 4046; x_wconf 86' lang='lat' dir='ltr'><strong>non</strong></span> <span class='ocrx_word' id='word_1_245' title='bbox 913 3996 1006 4046; x_wconf 83' lang='lat' dir='ltr'><strong>tenere</strong></span> <span class='ocrx_word' id='word_1_246' title='bbox 1019 3990 1138 4045; x_wconf 76' lang='lat' dir='ltr'><strong><em>MFAP</em></strong></span> <span class='ocrx_word' id='word_1_247' title='bbox 1156 3995 1239 4059; x_wconf 78' lang='lat' dir='ltr'><strong>(post.</strong></span> <span class='ocrx_word' id='word_1_248' title='bbox 1254 4006 1308 4045; x_wconf 90' lang='lat' dir='ltr'><strong>non</strong></span> <span class='ocrx_word' id='word_1_249' title='bbox 1321 3990 1374 4044; x_wconf 79' lang='lat' dir='ltr'><strong>del,</strong></span> 
     </span>
    </p>

    <p class='ocr_par' dir='ltr' id='par_1_15' title="bbox 131 4066 1410 4332">
     <span class='ocr_line' id='line_1_34' title="bbox 131 4066 1376 4153; baseline -0.002 -18"><span class='ocrx_word' id='word_1_250' title='bbox 131 4066 135 4073; x_wconf 43' lang='lat'><strong>⁴</strong></span> <span class='ocrx_word' id='word_1_251' title='bbox 227 4097 263 4135; x_wconf 72' lang='lat' dir='ltr'><strong>cr.</strong></span> <span class='ocrx_word' id='word_1_252' title='bbox 272 4082 301 4152; x_wconf 83' lang='lat'><strong>2)</strong></span> <span class='ocrx_word' id='word_1_253' title='bbox 318 4081 347 4139; x_wconf 80' lang='lat' dir='ltr'><em>R</em></span> <span class='ocrx_word' id='word_1_254' title='bbox 408 4081 440 4136; x_wconf 77' lang='lat' dir='ltr'><strong>l&#39;r&#39;</strong></span> <span class='ocrx_word' id='word_1_255' title='bbox 460 4081 654 4153; x_wconf 76' lang='lat' dir='ltr'><strong>capescendam</strong></span> <span class='ocrx_word' id='word_1_256' title='bbox 672 4080 770 4136; x_wconf 78' lang='lat' dir='ltr'><strong>MAK</strong></span> <span class='ocrx_word' id='word_1_257' title='bbox 827 4082 864 4136; x_wconf 82' lang='lat'><strong>20</strong></span> <span class='ocrx_word' id='word_1_258' title='bbox 881 4096 1034 4135; x_wconf 81' lang='lat' dir='ltr'><strong>recensetos</strong></span> <span class='ocrx_word' id='word_1_259' title='bbox 1052 4080 1084 4135; x_wconf 82' lang='lat' dir='ltr'><em>F</em></span> <span class='ocrx_word' id='word_1_260' title='bbox 1141 4081 1173 4133; x_wconf 83' lang='lat'><strong>21</strong></span> <span class='ocrx_word' id='word_1_261' title='bbox 1195 4079 1301 4134; x_wconf 72' lang='lat' dir='ltr'><strong>cinit-ati</strong></span> <span class='ocrx_word' id='word_1_262' title='bbox 1318 4095 1376 4134; x_wconf 86' lang='lat' dir='ltr'><strong>rne-</strong></span> 
     </span>
     <span class='ocr_line' id='line_1_35' title="bbox 227 4162 1410 4244; baseline -0.002 -21"><span class='ocrx_word' id='word_1_263' title='bbox 227 4169 290 4224; x_wconf 84' lang='lat' dir='ltr'><strong>liori</strong></span> <span class='ocrx_word' id='word_1_264' title='bbox 307 4170 336 4226; x_wconf 68' lang='lat'><strong>13</strong></span> <span class='ocrx_word' id='word_1_265' title='bbox 406 4162 576 4244; x_wconf 77' lang='lat' dir='ltr'><strong>praerogare,</strong></span> <span class='ocrx_word' id='word_1_266' title='bbox 595 4173 659 4227; x_wconf 63' lang='grc' dir='ltr'><em>Μ</em></span> <span class='ocrx_word' id='word_1_267' title='bbox 678 4170 744 4227; x_wconf 77' lang='lat' dir='ltr'><strong>add.</strong></span> <span class='ocrx_word' id='word_1_268' title='bbox 764 4187 776 4223; x_wconf 91' lang='lat' dir='ltr'><strong>s</strong></span> <span class='ocrx_word' id='word_1_269' title='bbox 793 4172 808 4224; x_wconf 71' lang='lat' dir='ltr'><strong>i</strong></span> <span class='ocrx_word' id='word_1_270' title='bbox 827 4172 864 4225; x_wconf 90' lang='lat' dir='ltr'><strong>ris</strong></span> <span class='ocrx_word' id='word_1_271' title='bbox 883 4171 911 4224; x_wconf 88' lang='lat' dir='ltr'><strong><em>P</em></strong></span> <span class='ocrx_word' id='word_1_272' title='bbox 976 4170 1011 4225; x_wconf 80' lang='lat'><strong>23</strong></span> <span class='ocrx_word' id='word_1_273' title='bbox 1029 4168 1081 4223; x_wconf 82' lang='lat' dir='ltr'><strong>cibi</strong></span> <span class='ocrx_word' id='word_1_274' title='bbox 1100 4168 1203 4223; x_wconf 87' lang='lat' dir='ltr'><strong>nnllam</strong></span> <span class='ocrx_word' id='word_1_275' title='bbox 1220 4168 1249 4223; x_wconf 82' lang='lat' dir='ltr'><em>R</em></span> <span class='ocrx_word' id='word_1_276' title='bbox 1320 4172 1410 4221; x_wconf 68' lang='lat' dir='ltr'><strong>sta·</strong></span> 
     </span>
     <span class='ocr_line' id='line_1_36' title="bbox 228 4257 608 4332; baseline -0.005 -19"><span class='ocrx_word' id='word_1_277' title='bbox 228 4263 320 4325; x_wconf 75' lang='lat' dir='ltr'><strong>trieres</strong></span> <span class='ocrx_word' id='word_1_278' title='bbox 338 4257 398 4332; x_wconf 63' lang='lat' dir='ltr'><strong>edd.</strong></span> <span class='ocrx_word' id='word_1_279' title='bbox 414 4260 553 4329; x_wconf 69' lang='lat' dir='ltr'><strong>praeires</strong></span> <span class='ocrx_word' id='word_1_280' title='bbox 605 4287 608 4294; x_wconf 93' lang='lat'>·</span> 
     </span>
    </p>
   </div>
   <div class='ocr_carea' id='block_1_11' title="bbox 0 0 1660 4867">
    <p class='ocr_par' dir='ltr' id='par_1_16' title="bbox 0 0 1660 4867">
     <span class='ocr_line' id='line_1_37' title="bbox 0 0 1660 4867; baseline 0 2"><span class='ocrx_word' id='word_1_281' title='bbox 0 0 1660 4867; x_wconf 95' lang='lat' dir='ltr'><strong> </strong></span> 
     </span>
    </p>
   </div>
  </div>
 </body>
</html>
