3309 4867
233 399 275 461 94
605 397 633 454 S.
660 395 798 451 Aureli
825 396 1046 468 Augustini

234 592 319 656 dicet
348 592 479 680 aliquis:
507 592 770 680 ‘cognocerent'
795 594 881 676 qnod
910 595 971 659 etsi
1000 595 1182 675 concedam,
1213 596 1308 660 etiam
1342 595 1390 660 sic

235 699 420 764 absentibus
462 700 574 784 utique
613 699 702 782 parci
744 700 922 783 oportebat.
962 719 1065 784 neque
1107 701 1191 765 enim
1232 700 1390 766 iudicium

235 805 450 884 deseruerant,
476 806 534 870 ubi
562 825 735 889 numquam
769 807 897 872 omnino
930 808 1150 884 constiterant
1171 826 1231 873 nec
1261 808 1294 872 iu
1326 808 1392 873 illis

237 912 314 975 solis
338 911 498 995 episcopis
520 912 606 978 diris
631 916 698 977 erat
720 913 867 991 eeclesia,
890 916 929 978 nt
951 932 1044 980 omne
1067 913 1224 982 iudicium
1242 914 1393 979 eeclesia-

238 1019 355 1082 sticum
382 1006 735 1106 uitasaeuidarentur‚¹
757 1020 812 1102 qui
840 1035 876 1084 ee
904 1019 1023 1084 iudicio
1052 1039 1162 1085 eornm
1190 1023 1392 1107 praesentare
1423 1045 1437 1086 e

238 1124 426 1191 noluissent.
463 1125 554 1189 milia
590 1107 708 1209 qnippe
745 1125 941 1210 collegarum
979 1127 1189 1191 transmarine
1218 1126 1392 1203 restabant,

238 1231 290 1294 ubi
325 1230 498 1313 apparebat
529 1252 583 1297 ecs
616 1233 752 1297 iudicari
786 1251 891 1314 posse,
921 1233 977 1318 qui
1004 1232 1195 1299 uidebantur
1220 1233 1315 1299 Atros
1338 1233 1392 1297 uel

238 1337 394 1404 Numidae
436 1339 576 1424 collegas
617 1338 733 1403 habere
775 1341 956 1423 suspectos.
994 1339 1049 1404 ubi
1086 1342 1137 1405 est
1173 1339 1267 1414 euim,
1306 1338 1392 1422 quod

240 1444 396 1526 scriptura
418 1446 549 1512 clamat:
578 1446 804 1527 Antequam
833 1445 1078 1530 interro-ges,
1105 1464 1151 1510 ue
1175 1445 1391 1528 vuituperes

241 1570 477 1633 quemquam
501 1555 551 1630 et,
579 1542 664 1617 cum
693 1551 1040 1636 interrogaueris,
1069 1551 1228 1633 corripe
1256 1550 1390 1616 iuste?
1410 1577 1436 1616 ιο

242 1656 269 1717 si
298 1676 371 1741 ergo
398 1677 456 1722 nec
484 1659 659 1744 uituperari
687 1677 745 1723 uec
774 1657 889 1741 corripi
917 1658 979 1723 nisi
1007 1660 1236 1743 interrogatum
1260 1657 1391 1741 spiritus

243 1765 372 1826 sanctus
395 1764 510 1842 uoluit
535 1765 653 1855 quanto
677 1765 865 1841 sceleratius
889 1784 950 1829 non
974 1766 1147 1848 uituperati
1171 1768 1228 1829 aut
1246 1762 1391 1844 correpti,

242 1868 297 1931 sed
321 1871 448 1936 omuino
473 1871 612 1937 damnati
636 1875 721 1950 suut,
747 1866 800 1955 qui
824 1871 862 1936 de
886 1871 954 1937 suia
978 1871 1166 1937 criminibus
1185 1870 1264 1934 nihil
1282 1869 1393 1933 absen-

242 1979 291 2038 tes
314 1976 499 2061 interrogari
522 1982 710 2061 potuerunt!

200 2076 240 2136 12
288 2082 350 2145 Sed
372 2085 478 2147 tamen
501 2084 568 2161 isti,
591 2083 647 2169 qui
670 2084 746 2148 licet
768 2084 949 2149 absentiam
967 2087 1001 2149 et
1019 2100 1218 2166 nequaquam
1237 2080 1392 2146 iudicium
1412 2105 1438 2144 15

243 2187 564 2271 deserendumque
586 2209 758 2273 numquam
783 2189 954 2254 adfuerunt
977 2193 1009 2254 et
1032 2207 1157 2272 semper
1174 2187 1237 2252 sibi
1256 2205 1393 2250 cuneum

242 2294 334 2356 illum
362 2300 549 2378 suspectum
579 2317 650 2362 esse
679 2297 931 2374 decimanorum,
962 2300 1069 2361 tamen
1101 2295 1229 2380 cognita
1261 2292 1393 2358 crimina

244 2401 409 2465 daninasse
438 2403 558 2480 dicunt,
586 2424 704 2487 quaeso
733 2424 803 2482 noe,
830 2403 944 2468 iratres
971 2401 1044 2478 mei,
1075 2420 1137 2485 quo
1160 2399 1254 2465 modo
1278 2417 1393 2481 cogno-

244 2511 377 2573 uerunt?
404 2513 618 2596 respondetis:
642 2511 835 2590 ‘Nescimus
859 2510 983 2594 quando
1008 2509 1135 2593 quidem
1159 2509 1230 2592 ipsa
1252 2503 1392 2590 cognitio

244 2616 274 2676 in
308 2615 374 2679 illis
408 2620 508 2703 gestis
542 2619 699 2701 explicata
725 2637 791 2706 *non
825 2620 898 2686 est‘
925 2616 983 2682 sed
1010 2635 1068 2700 ego
1095 2614 1188 2679 uobis
1216 2609 1392 2686 ostendam,
1410 2637 1438 2676 ao

245 2741 305 2800 quo
329 2723 423 2787 modo
448 2730 679 2808 cognoberunt.
703 2724 865 2789 adtendite
889 2741 1018 2788 causam
1041 2721 1158 2786 Felicis
1181 2714 1392 2802 Aptungitani

245 2834 276 2890 et
299 2828 401 2907 primo
424 2832 532 2913 legite,
553 2850 648 2913 quam
668 2831 926 2896 uehementiores
943 2829 975 2892 in
995 2847 1068 2893 eum
1085 2827 1225 2892 fuerunt.
1250 2824 1391 2906 sicergo
1416 2839 1419 2844 ’

245 2941 275 2995 et
305 2938 483 3000 ceterorum
512 2955 640 3001 causam
665 2939 829 3012 nouerant,
853 2937 939 3000 sicut
961 2935 1070 3010 huius,
1094 2934 1149 3015 qui
1170 2935 1284 3014 postea
1306 2930 1393 2994 inno-

246 3042 449 3126 centissimus
487 3043 631 3128 diligenti
668 3047 701 3109 et
737 3042 870 3107 terribili
906 3041 1114 3123 inquisitione
1146 3039 1298 3123 probatus
1331 3037 1391 3099 eat.

245 3151 361 3225 <quanto
399 3130 507 3231 itaque
543 3149 663 3217 iustus
701 3154 733 3214 et
769 3147 878 3214 tutius
911 3151 945 3213 et
980 3148 1075 3212 citius
1113 3147 1296 3227 innocentes
1338 3159 1392 3204 eos
1411 3169 1438 3210 aa

335 3373 450 3426 auara.
474 3375 517 3439 11,
536 3374 551 3426 r

282 3495 383 3549 ldieit
400 3496 490 3550 Mul
510 3496 570 3552 edd.
585 3504 734 3567 praeterae
806 3496 857 3566 sic]
877 3497 901 3549 si
920 3495 951 3549 F
1038 3494 1271 3565 docustituerant
1291 3495 1319 3558 (n
1339 3492 1391 3547 del.

246 3589 318 3647 nid)
339 3584 367 3637 P
436 3579 464 3639 iu
483 3601 535 3639 cm.
554 3585 585 3639 F
644 3587 834 3643 6uoluisseut
851 3587 907 3653 (pr.
927 3602 944 3637 n
965 3600 998 3638 ex
1016 3593 1086 3637 cont
1104 3588 1180 3649 m.2)
1199 3584 1236 3637 Μ
1304 3582 1393 3651 milia]

246 3673 311 3724 milri
336 3673 390 3726 alia
407 3674 498 3729 Mra
604 3676 826 3735 transmarinoru.
849 3673 899 3728 aed
921 3690 936 3726 o
959 3673 992 3726 tn
1014 3688 1071 3727 rac.
1095 3678 1120 3727 et
1142 3682 1173 3726 ru
1197 3688 1219 3728 e.
1238 3688 1266 3728 u.
1284 3675 1350 3725 Μ
1368 3670 1396 3724 Ρ

247 3764 261 3813 7
273 3761 391 3815 iudicare
401 3761 490 3815 MFA
533 3765 564 3818 ll
581 3780 645 3832 ergo
660 3780 694 3816 ne
707 3766 787 3827 (corr.
800 3766 862 3816 m
876 3766 935 3829 nec)
946 3760 984 3814 Μ
1023 3762 1055 3815 12
1066 3761 1185 3831 corrupti
1194 3761 1231 3814 Μ
1240 3765 1321 3826 (corr.
1333 3763 1393 3816 Μ

246 3849 373 3918 correpti)
392 3850 422 3902 F
475 3852 508 3904 14
527 3853 694 3922 interrogare
712 3850 801 3905 MFA
859 3851 891 3905 16
910 3849 1090 3905 deferentium
1108 3849 1139 3904 F
1191 3849 1237 3919 qui
1256 3865 1392 3918 umquam,

247 3956 278 3988 m.
293 3946 310 3988 2
329 3940 372 3991 cui
391 3955 509 4007 unquam
527 3940 555 3993 P
607 3957 720 3993 cuneum
740 3942 767 3993 in
786 3939 864 3994 illum
881 3940 920 3993 M
935 3939 975 4009 (in
994 3939 1057 4002 del.)
1074 3937 1130 3993 Fa
1176 3939 1209 3992 17
1229 3937 1393 3997 declarrunt,

248 4044 313 4078 corr.
333 4032 394 4080 m.1
413 4027 618 4081 declmauemnt
636 4028 672 4082 Μ
776 4027 808 4081 18
828 4028 978 4083 dicmnasse
998 4029 1049 4093 (eie
1059 4032 1089 4092 Ι),
1109 4043 1178 4081 corr.
1197 4043 1231 4080 m.
1251 4031 1283 4079 ut
1300 4025 1359 4079 uid.
1379 4029 1394 4077 1

247 4116 387 4170 «ieiunasse
405 4117 442 4170 Μ
459 4134 487 4170 se
507 4116 648 4172 damnasse
666 4118 771 4185 sirm
792 4117 933 4171 damnasse
953 4116 1009 4172 ae?
1084 4116 1119 4170 20
1137 4118 1166 4170 iu
1185 4116 1239 4171 illis
1258 4116 1348 4185 gentis
1366 4111 1397 4165 F

249 4206 273 4254 iu
296 4205 350 4256 illis
369 4205 396 4256 in
416 4204 483 4272 ipsis
503 4205 594 4274 gentis
607 4205 645 4259 Μ
692 4206 724 4258 21
747 4201 928 4259 autumnitani
948 4204 1026 4259 codd
1047 4220 1089 4259 ce
1142 4204 1177 4257 22
1197 4204 1229 4268 ai,
1248 4219 1282 4256 m.
1294 4206 1309 4255 1
1323 4217 1393 4257 corr.

247 4294 283 4344 sic
304 4293 333 4343 F
384 4293 418 4346 25
437 4293 526 4346 tutius
544 4299 599 4362 (pr.
619 4310 637 4347 u
657 4309 690 4346 ex
708 4307 776 4346 corr.
796 4296 870 4358 m.2)
890 4293 1008 4347 Putius
1027 4292 1169 4346 Futiliua
1188 4291 1217 4347 R
