3309 4867
333 414 400 477 496
693 413 719 465 S.
749 393 1131 481 tureli'tugnsrrm·

333 605 371 670 ab
391 604 572 670 homiuibus
592 606 820 684 nescientibus,
841 605 918 689 quid
936 606 1118 690 lequuntur,
1138 605 1298 672 obicietur
1311 608 1500 690 apostoliea

333 711 389 777 ills
422 713 591 778 sententie:
630 711 671 778 Si
704 712 818 789 enim,
853 732 953 796 quse
987 712 1186 789 destruxi,
1218 711 1317 778 isaeo
1349 710 1526 789 eadem,

333 820 481 884 iterum
504 819 701 897 sedition,
735 819 1114 903 praeuaricatorem
1148 838 1207 884 me
1239 819 1371 902 ipsum
1399 836 1498 885 con·

333 924 474 992 stitue.
511 944 593 1008 quse
615 927 658 990 ¹si
695 926 757 990 diei
795 929 906 1008 posset
928 925 1026 990 etiem
1058 926 1088 990 in
1124 944 1189 1001 eos,
1227 927 1282 1009 qui
1315 925 1495 991 ueritatem

333 1033 466 1097 correcti
502 1032 696 1116 praedicent,
734 1053 829 1116 quem
862 1033 1002 1116 peruersi
1037 1032 1275 1117 oppugnabant,
1312 1033 1345 1098 in
1378 1032 1496 1115 ipsum
1531 1051 1542 1088 ³

332 1139 470 1204 Paulum
497 1139 646 1220 primitus
675 1139 843 1215 diceretur,
877 1139 907 1205 in
936 1141 1012 1222 quo‘
1029 1138 1186 1205 ecelesiae
1214 1138 1334 1205 Christi
1365 1141 1496 1223 rnsgni-

333 1244 469 1310 fieubent
506 1246 600 1311 deum
637 1246 813 1324 audientes,
852 1246 935 1329 quod
973 1245 1207 1330 euangelizaret
1244 1239 1348 1321 tidem,
1391 1263 1496 1327 quam

333 1351 502 1434 aliquando
525 1353 684 1420 uastabat.
1424 1348 1427 1353 ⁴

282 1450 323 1513 53
377 1456 446 1523 Nee
473 1477 664 1542 quemquam
693 1464 787 1543 putes
816 1459 856 1524 ab
885 1477 988 1524 errore
1017 1458 1057 1523 nd
1086 1459 1254 1524 ueritatem
1284 1458 1335 1523 uei
1364 1476 1382 1521 e
1410 1477 1495 1540 qun·

334 1582 472 1647 eumque
499 1584 556 1630 seu
580 1584 696 1651 magno
725 1586 782 1631 sen
812 1586 910 1649 paruo
937 1570 1069 1649 peeeeto
1097 1566 1137 1630 nd
1161 1564 1388 1649 correctionem
1417 1562 1493 1629 sine
1512 1587 1537 1626 n

333 1671 528 1755 paenitentia
541 1691 637 1754 posse
655 1673 800 1739 transire.
817 1672 873 1738 sed
887 1672 981 1737 nimis
997 1671 1154 1763 inpudens
1169 1689 1254 1736 error
1274 1675 1324 1737 est
1336 1670 1390 1735 hie
1403 1671 1495 1736 uelle

334 1777 520 1844 calumniari
538 1778 702 1856 eeclesiae,
724 1800 822 1863 quam
847 1782 897 1843 tot
916 1778 1033 1843 diuinis
1057 1778 1251 1843 testimoniis
1269 1796 1341 1843 esse
1360 1780 1494 1843 constat

335 1883 501 1949 ecelesiam
526 1883 655 1963 Christi,
684 1886 768 1968 quod
792 1885 885 1950 aliter
905 1887 1021 1952 irrotat
1045 1884 1130 1961 iilos,
1153 1885 1208 1968 qni
1232 1903 1302 1948 eam
1326 1883 1492 1963 desemnt,

334 1990 371 2059 si.
395 1992 455 2056 hoo
488 1990 594 2074 ipsum
627 1991 815 2075 paenitendo
849 1990 1018 2076 corrigant,
1056 1991 1149 2055 aliter
1179 1989 1263 2067 illos,
1298 1989 1352 2074 qui
1384 1989 1417 2055 in'
1452 2009 1493 2054 ea

335 2096 474 2162 nondum
500 2096 629 2162 fuerunt
652 2099 685 2162 et
711 2101 786 2163 tune
810 2097 948 2181 primum
976 2115 1089 2180 pacem
1113 2096 1183 2161 eius
1211 2096 1490 2179 arripiuntilloe
1509 2117 1532 2156 n

335 2204 474 2286 amplius
501 2203 709 2275 humiliando.
735 2205 817 2269 istos
846 2204 950 2269 leuius
979 2203 1195 2287 suscipiendo,
1228 2207 1382 2287 utrosque
1401 2178 1491 2267 'dilt-

335 2309 449 2395 gendo,
467 2312 611 2393 utrisque
630 2309 778 2376 sanandis
798 2315 940 2375 materna
958 2310 1090 2376 caritate
1104 2309 1288 2376 seruiendo.
1304 2310 1402 2374 trabes
1422 2310 1490 2393 epi·

335 2416 453 2482 stulom
483 2417 681 2500 prolixiorem
714 2417 861 2497 fortusse,
885 2436 978 2501 quum
1003 2416 1116 2482 uelles.
1141 2421 1228 2483 esset
1250 2406 1355 2482 nutem
1380 2417 1487 2481 molto

335 2522 470 2591 breuior.
503 2523 531 2588 si
562 2528 593 2587 te
617 2527 741 2589 tanturn
769 2524 801 2588 in
829 2522 1047 2606 respondendo
1076 2508 1265 2608 cogitarem
1293 2540 1374 2587 nunc
1397 2541 1488 2593 uero,

336 2630 433 2695 etium
457 2631 566 2696 ortior
590 2630 669 2695 nihil
693 2631 805 2713 prosit,
829 2649 891 2696 non
914 2633 992 2714 puto
1021 2628 1170 2695 nihileis
1197 2629 1406 2714 profuturam,
1431 2629 1489 2713 qni
1506 2650 1531 2690 n

336 2756 405 2801 eum
434 2736 539 2821 legere
568 2757 640 2802 eum
674 2737 724 2801 dei
755 2736 870 2803 timore
903 2741 936 2803 et
966 2738 1035 2802 sine
1065 2732 1271 2821 personarum
1305 2735 1489 2819 acceptione

336 2845 524 2908 tumuerint
550 2863 651 2908 emen.

425 3031 443 3085 2
462 3030 522 3086 Gal.
542 3035 567 3095 2.
589 3034 622 3088 18
677 3034 693 3087 6
708 3031 768 3087 Gan
789 3034 813 3095 1,
833 3034 940 3087 23-24

374 3155 587 3210 luminibusC
659 3155 777 3225 quode
849 3156 1002 3210 obiciantur
1022 3162 1051 3221 (n
1070 3161 1143 3224 exp.)
1163 3155 1199 3211 Μ
1269 3156 1318 3211 iile
1337 3156 1488 3227 apostoliea

336 3242 418 3298 PBL
437 3252 517 3303 (corr.
537 3244 692 3314 apostolice
704 3244 762 3310 iile)
778 3244 839 3300 edd.
895 3247 912 3298 2
931 3244 1090 3299 destruxisti
1103 3244 1132 3298 A
1203 3245 1273 3300 haee
1290 3244 1396 3314 eedem]
1412 3244 1487 3314 prius

335 3331 450 3411 haece}
468 3331 600 3386 eudemon
685 3331 846 3386 trediiieio
867 3338 966 3401 (perir.
986 3332 996 3385 i
1015 3336 1086 3400 exp.)
1105 3332 1134 3386 P
1213 3331 1443 3403 tpruedicebont
1461 3331 1488 3385 L

371 3421 509 3491 peruersio
528 3419 724 3491 oppugnabunt
745 3421 769 3473 0
857 3421 874 3475 6
894 3419 1029 3474 diceretur
1047 3420 1173 3490 primitus
1191 3419 1228 3474 Μ
1335 3419 1442 3474 dicetur
1460 3421 1485 3472 A

337 3511 368 3565 ll
389 3508 531 3579 impudens
550 3509 631 3563 nimis
650 3507 679 3563 R
758 3508 811 3575 trie,
832 3524 902 3566 cerr.
920 3524 954 3562 m.
975 3516 1006 3563 ut
1023 3509 1087 3563 uid:
1103 3513 1118 3562 1
1137 3508 1201 3563 hoie
1221 3510 1305 3574 (nien
1323 3505 1439 3563 Minius
1458 3506 1490 3561 N

336 3596 396 3653 edd.
480 3600 513 3653 12
532 3597 673 3652 ecelesiam
692 3598 751 3650 edd.
769 3604 911 3666 praetera
1001 3602 1111 3652 constat
1129 3614 1187 3652 esse
1206 3597 1266 3653 eddi
1349 3598 1382 3651 13
1400 3596 1484 3667 querit

336 3703 406 3758 quae
424 3686 451 3741 L
533 3689 566 3742 14
594 3687 720 3756 corriget,
739 3702 808 3740 corr.
828 3691 889 3739 nel
907 3686 1046 3756 corrigunt
1062 3686 1100 3740 Μ
1214 3686 1334 3741 neudum
1356 3685 1385 3739 in
1399 3675 1487 3741 'eale

338 3778 371 3832 15
390 3776 449 3831 eius
467 3792 560 3847 paoem
580 3775 608 3830 R
626 3776 686 3832 edd.
765 3778 798 3830 lt
815 3774 886 3830 istos
905 3782 996 3829 entem
1015 3776 1104 3830 leuius
1121 3774 1151 3830 R
1208 3776 1242 3830 21
1259 3772 1364 3845 tegere]
1384 3772 1484 3845 digere.

336 3881 371 3919 sn.
383 3863 577 3935 2‘diligereA
653 3866 857 3942 receptionernu
878 3870 944 3931 (rue.
965 3865 1090 3931 2-31.)
1110 3864 1148 3919 Μ
1213 3864 1248 3918 22
1267 3880 1345 3918 umen
1365 3879 1416 3916 om.
1438 3858 1486 3916 CL
