3309 4867
548 327 816 398 epistularum
843 326 923 381 XLV.
951 324 1045 384 XLVI.
1298 331 1363 396 123

219 520 387 596 mouerint
424 519 610 604 interrogari
648 521 766 603 potest
804 537 861 584 nos
894 518 1112 603 gratissimum
1145 522 1302 592 labemus
1332 525 1366 589 et

219 625 303 710 apud
321 626 486 691 dominnm
506 625 600 693 deum
620 628 764 691 nostrum
783 623 1016 690 sincerissimae
1035 630 1162 693 uestrae
1175 628 1365 714 benignitati

217 732 336 816 gratias
363 731 501 818 agimus,
530 730 558 796 si
585 750 641 815 per
667 735 807 797 nestram
830 749 963 814 ‚operam
992 732 1031 797 de
1061 732 1232 800 Christiani
1257 733 1364 801 fratris

219 838 388 903 secenum
416 837 621 922 gaudeamus.
1140 868 1144 874 ·

185 1077 199 1115 ,
544 1079 546 1087 .
734 1027 847 1096 xnvn.

284 1166 441 1224 amnone
459 1167 507 1222 ET
525 1166 748 1224 vuasonem
758 1164 874 1309 Il’lzgssl
892 1164 1101 1224 sususulrlo
1120 1168 1298 1226 EPISOOPO

685 1254 756 1309 PUB
843 1254 899 1308 LA.

264 1382 425 1465 Scriptum
449 1384 513 1446 est:
536 1381 753 1464 Interroga
774 1382 930 1463 patrem
955 1382 1067 1447 tuum
1097 1386 1136 1449 et
1162 1383 1368 1450 indicabit

219 1488 307 1568 tibi,
332 1487 517 1553 seniores
539 1492 635 1553 tuos
659 1492 699 1552 et
721 1486 862 1553 dicent
883 1487 973 1553 tibi.
997 1488 1080 1554 unde
1104 1489 1237 1556 etmihi
1260 1491 1367 1575 exqui-

173 1626 200 1665 ιο
218 1596 346 1661 rendam
375 1595 481 1679 legem
510 1593 549 1657 de
575 1612 630 1659 ore
657 1592 831 1660 sacerdotis
854 1593 996 1659 indicaui
1018 1594 1050 1659 in
1075 1614 1172 1662 causa
1194 1597 1262 1676 tali,
1286 1617 1367 1681 qnae

219 1703 322 1786 qualis
345 1702 399 1780 sit,
422 1698 624 1784 perlittenas
647 1718 779 1784 expono,
804 1700 902 1765 simul
925 1701 1021 1765 etiam
1046 1706 1082 1767 ut
1100 1707 1133 1768 et
1151 1721 1211 1789 ege
1229 1703 1369 1769 instruar

217 1810 250 1874 in
274 1807 410 1875 diuersis
434 1806 549 1872 causis.
571 1806 714 1891 singulas
738 1809 846 1872 autem
870 1806 1071 1889 quaestiones
1095 1810 1128 1874 st
1150 1808 1293 1874 diuersas
1311 1828 1367 1892 per

218 1915 358 1998 capitula
389 1913 550 1998 designari
583 1913 658 1992 leci,
688 1911 728 1977 ad
755 1931 835 1997 quas
864 1911 1053 1997 singillatim
1081 1913 1211 1999 dignare
1237 1934 1373 2003 respon-¹

218 2018 300 2085 dere.

173 2155 199 2195 sa
262 2126 288 2192 Ι.
311 2125 347 2190 Iu
375 2123 566 2208 Arnugibus
595 2127 632 2188 ut
659 2122 778 2201 audiui,
811 2121 984 2201 decurioni,
1017 2123 1070 2206 qui
1102 2125 1199 2190 limiti
1230 2129 1365 2209 praeest,

221 2232 274 2296 uel
294 2232 423 2297 tribuno
447 2230 553 2296 solent
573 2230 676 2295 iurare
700 2225 825 2294 barbari
847 2229 988 2294 iurantes
1010 2248 1067 2314 per
1087 2231 1259 2319 „daemones
1278 2250 1365 2299 suos.

220 2337 276 2420 qui
302 2338 340 2402 sd
369 2336 570 2429 deducendas
597 2336 748 2420 bastagas
775 2335 862 2418 pacti
888 2335 1008 2406 luerint
1033 2337 1088 2402 uel
1114 2338 1214 2422 aliqui
1241 2338 1281 2403 ad
1304 2357 1366 2403 ser·

220 2445 338 2509 naudus
375 2447 487 2529 fruges.
520 2444 619 2520 iosos,
661 2442 780 2526 singuli
819 2461 1023 2525 possessores
1063 2442 1128 2508 uel>
1158 2443 1366 2510 conductores

220 2550 323 2615 solent
360 2552 399 2615 :nl
438 2544 661 2634 csnstodisndas
697 2548 806 2634 fruges
840 2550 1002 2631 suscipere
1037 2550 1130 2632 qussi
1160 2550 1225 2615 iam
1256 2550 1366 2615 fideles

169 2687 200 2728 ω
219 2657 391 2742 epistulam
420 2656 585 2721 decurione
612 2656 760 2719 mittente
788 2654 842 2718 uel
869 2655 990 2739 singuli
1016 2657 1226 2733 transeuntes,
1249 2657 1366 2738 quibus

219 2781 351 2829 necesse
375 2770 424 2828 est
446 2782 503 2847 per
523 2763 613 2846 ipses
636 2762 780 2827 transire.
807 2760 886 2826 mihi
910 2760 1099 2844 disceptatio
1115 2762 1153 2828 ¹in
1177 2762 1271 2834 corde
1295 2765 1367 2828 nata

311 2955 332 3006 8
345 2952 429 3008 Dent.
448 2953 491 3013 32,
512 2953 527 3006 1

261 3080 270 3130 l
295 3118 372 3132 .....
382 3076 470 3145 rogari
491 3079 582 3145 potest
599 3092 649 3130 nes
663 3091 781 3144 proruas
799 3079 976 3128 manserant
994 3073 1022 3128 P

382 3199 410 3252 P
435 3199 468 3246 '-=
488 3198 547 3253 cod.
565 3198 718 3252 Parisinus
734 3213 799 3250 noa.
821 3213 879 3265 uoq.
899 3199 1007 3250 11431
1035 3196 1156 3253 ΙΧ-Χ.

382 3288 418 3342 Μ
434 3312 468 3333 =
487 3286 546 3341 eod.
565 3285 746 3341 Monacensis
767 3285 943 3341 626611.
1037 3280 1040 3285 ’

381 3376 412 3431 F
434 3399 467 3421 =
487 3374 546 3430 cod.
565 3373 788 3452 Saliatargcsmis
805 3374 838 3428 X
855 3376 896 3427 29
913 3389 934 3426 a.
953 3372 1074 3427 Χ-ΧΙ.

380 3465 407 3517 Α
433 3488 467 3509 .-=
486 3462 545 3518 aad.
563 3461 872 3530 Audomaropolitanas
893 3463 944 3522 76,
960 3462 987 3520 8,
1009 3462 1027 3513 9
1044 3477 1065 3515 s.
1085 3462 1207 3516 X-XI.

380 3552 418 3606 P¹
435 3576 469 3598 =
488 3551 547 3606 ced.
566 3550 722 3605 Parisinus
737 3567 802 3605 nou.
823 3565 881 3618 aeq.
901 3551 983 3615 1444.
996 3565 1018 3603 a.
1039 3550 1093 3604 XI.

382 3640 408 3706 R
434 3664 468 3686 =
486 3639 545 3696 ced.
564 3639 640 3693 Mac.
662 3640 733 3692 Brit.
752 3638 817 3708 Reg.
841 3637 906 3692 611
930 3637 974 3692 VI
988 3653 1010 3691 a.
1029 3638 1188 3692 ΧΙ-ΧΙΙ.

256 3764 433 3825 anniane
447 3778 517 3816 cerr.
532 3743 577 3829 (1,,
589 3766 601 3814 ι
612 3761 637 3828 a
657 3761 791 3815 innotus
807 3761 836 3814 P
905 3761 922 3814 s
941 3760 1019 3831 mins]
1038 3761 1091 3816 eor
1108 3762 1157 3816 ee
1174 3767 1240 3818 ma
1258 3762 1310 3819 aar.
1329 3760 1367 3815 Ρι

221 3857 252 3910 11
263 3853 423 3908 instruaris
430 3852 486 3919 fine
494 3864 583 3907 saeos.
594 3849 631 3902 Ρι
679 3852 711 3905 13
727 3849 870 3919 designare
880 3849 917 3903 Μ
962 3850 995 3904 15
1010 3849 1315 3920 arantibusMFfflR
1325 3866 1369 3904 ae

256 3942 338 4000 militi
356 3940 436 3995 codd.
455 3956 488 4004 a,·
505 3938 540 4006 es.
556 3956 585 4007 p.
605 3941 669 4002 125,
689 3942 739 4005 1&
757 3941 792 3992 21
798 3958 809 4004 ;
827 3941 885 3998 131.
905 3940 941 3991 18
1066 3942 1175 4009 praeest
1193 3938 1237 3994 nel
1258 3943 1368 4008 (panse

218 4035 290 4097 ras.)
309 4030 337 4085 P
425 4029 458 4083 l'l
479 4026 616 4083 ducendas
634 4029 661 4082 A
752 4031 881 4095 uastagas
900 4025 927 4078 P
1016 4026 1120 4097 aliquid
1137 4028 1175 4082 Μ
1192 4028 1238 4081 elii
1258 4043 1324 4097 quos
1342 4027 1370 4080 P

219 4121 258 4177 20
276 4118 373 4189 quibus
391 4131 502 4172 necesse
520 4118 562 4170 est
581 4131 624 4170 om
651 4113 889 4183 MFAP¹Raes
937 4116 970 4170 21
991 4132 1040 4184 per
1058 4131 1104 4170 eos
1117 4115 1217 4184 stem
1281 4114 1367 4183 „mihil

221 4208 401 4263 militantem
421 4204 492 4258 trus
