3309 4867
604 336 872 407 epistularum
900 337 1022 395 cxvnl.
1315 340 1379 407 687

231 533 303 615 ipsa
334 531 536 616 intellegibili
568 535 664 616 atque
696 532 950 599 incommutabili
977 532 1136 599 ueritate?
1161 533 1244 618 quod
1273 537 1379 600 sutem

231 639 278 704 ait
303 638 359 703 ille
387 637 477 722 gigni
505 657 620 715 aerem,
644 658 740 721 quem
762 643 871 704 tamar
893 639 988 728 deum
1011 659 1081 706 essa
1104 639 1264 718 censebat,
1292 641 1380 706 nullo

230 743 326 811 modo
345 748 459 809 mouet
474 745 558 810 hunc
577 745 695 823 uirum,
715 746 770 828 qni
788 745 960 828 intellegit,
980 765 1040 811 non
1060 746 1145 812 sicut
1157 765 1211 811 aar
1228 747 1379 830 gignitur,

230 850 264 915 id
291 853 343 917 ost
370 850 476 934 aliqua
504 869 611 928 causa,
640 856 678 916 ut
706 851 758 930 sit,
787 851 935 929 efficitur,
964 871 1036 917 cnm
1061 853 1188 919 omnino
1213 852 1292 918 deus
1320 872 1380 919 non

199 957 284 1035 rsit,
308 956 355 1021 ita
372 956 517 1041 genitum
537 977 607 1023 esse
625 958 758 1022 uerbum
780 958 841 1036 dei,
862 957 955 1034 deum
975 959 1059 1042 apud
1078 958 1184 1037 deum,
1208 960 1264 1025 aed
1285 959 1380 1045 longe

231 1063 295 1128 alio
313 1063 419 1142 modo,
439 1082 533 1146 quem
554 1082 657 1144 nemo,
677 1065 738 1129 uisi
759 1065 810 1130 cui
830 1064 909 1129 deus
929 1065 998 1148 ipsa
1016 1064 1185 1149 inspirarit,
1204 1066 1379 1149 intelleget.

230 1160 321 1236 illum
341 1172 449 1235 autom
468 1171 564 1234 etiam
583 1171 615 1235 in
634 1171 714 1254 ipsis
734 1170 920 1254 corporibus
935 1170 1079 1254 desipere
1094 1172 1166 1255 quis
1185 1191 1245 1236 non
1260 1171 1379 1251 uideat,

230 1294 303 1342 cum
327 1294 432 1341 aerem
456 1276 547 1361 gigni·
568 1276 653 1341 dicat
676 1281 708 1364 et
732 1277 826 1342 deum
849 1277 940 1354 uelit,
965 1297 1039 1343 eum
1062 1281 1167 1343 antem
1204 1297 1303 1360 aquo
1328 1297 1381 1344 aer

230 1381 381 1467 gignitur,
415 1402 477 1448 non
505 1383 635 1448 enims
666 1384 755 1453 nullo
788 1383 878 1469 gigni
905 1386 1021 1466 potest
1054 1403 1115 1448 nou
1149 1384 1234 1473 dicat
1261 1385 1378 1450 deum?

184 1514 211 1554 ro
229 1508 303 1556 curu
340 1492 448 1554 autern
482 1489 598 1555 dicitnr
630 1509 683 1554 aer·
715 1508 786 1556 esse
819 1510 947 1574 semper
976 1479 1009 1555 in
1041 1494 1143 1568 motu,
1178 1508 1377 1574 nequaquam

229 1595 435 1662 conturbabit
446 1596 616 1674 hominem,
635 1599 673 1662 ut
691 1601 858 1681 propterea
875 1597 968 1662 illum
985 1597 1079 1662 deum
1098 1599 1200 1681 putet,
1215 1597 1268 1680 qui
1289 1598 1381 1662 nouit

229 1702 332 1768 omnis
352 1701 494 1785 corporis
513 1706 637 1768 motum
660 1703 840 1769 iuferiorem
861 1722 943 1780 esse,
964 1722 1059 1785 quam
1078 1709 1128 1768 est
1145 1707 1252 1769 motus
1271 1704 1379 1782 animi,

228 1811 352 1874 motum
371 1811 479 1873 autem
499 1808 596 1872 animi
613 1808 708 1893 longe
726 1810 909 1893 pigriorem,
928 1829 1022 1892 quam
1043 1812 1093 1874 est
1109 1811 1217 1875 motus
1236 1828 1378 1875 summae

228 1917 324 1997 atque
346 1914 620 1979 incommutabilis
644 1916 828 1997 sapientiae.

120 2024 209 2087 2411
270 2020 352 2086 Item
376 2021 578 2106 Anaxagoras
602 2021 672 2085 siue
696 2022 831 2104 quilibet
854 2023 882 2088 si
905 2027 1043 2088 mentem
1068 2021 1147 2088 dicit
1169 2023 1271 2110 ipsam
1294 2021 1378 2086 ueri-

227 2129 327 2192 tatem
351 2129 447 2209 atque
471 2127 671 2210 sapientiam,
695 2129 772 2211 qnid
795 2128 874 2194 mibi
899 2133 948 2193 est
972 2129 1009 2194 de
1032 2129 1129 2194 uerbo
1153 2147 1226 2194 curn
1248 2127 1377 2194 homine

228 2232 437 2300 contendere?
455 2233 659 2298 manifestum
680 2238 731 2299 est
748 2236 831 2300 enim
850 2235 993 2301 omniurn
1010 2254 1113 2316 rerum
1133 2234 1377 2317 descriptionem

229 2342 262 2404 et
287 2339 419 2404 modum
443 2340 482 2405 ab
509 2340 567 2405 iiia
589 2340 658 2406 fiori
681 2360 815 2425 eamque
843 2361 904 2407 non
933 2340 1106 2428 incongrue
1130 2342 1193 2408 dici
1220 2340 1376 2435 infinitam

228 2464 289 2512 non
317 2465 373 2529 per
400 2446 505 2530 spatia
532 2448 675 2538 locorum
704 2448 759 2513 sed
787 2468 843 2531 per
870 2449 1055 2532 potentiam,
1081 2468 1161 2531 quae
1184 2449 1376 2535 cogitatione

181 2578 209 2619 ro
228 2552 366 2617 humana
388 2552 612 2637 comprehendi
634 2572 696 2618 non
719 2557 836 2637 potest,
865 2574 968 2638 nequo
992 2553 1077 2638 quod
1100 2554 1233 2620 informe
1257 2553 1376 2636 aliquid

199 2658 271 2722 'sit
297 2658 368 2740 ipsa
395 2658 563 2742 sapientia3
598 2659 658 2726 hoc
687 2661 770 2725 enim
798 2679 967 2750 corporum
995 2665 1054 2739 est,
1082 2665 1130 2737 ut,
1159 2644 1376 2744 quaecumque

226 2763 349 2830 infinita
366 2760 495 2842 fuerint,
515 2766 580 2831 sint
595 2769 628 2831 et
645 2766 801 2850 insomnia.
822 2766 932 2833 Cicero
948 2772 1055 2834 uatem
1074 2766 1181 2833 studio
1200 2765 1375 2843 refellendi,

227 2875 382 2954 qnantum
414 2871 551 2950 uidetur,
583 2875 713 2955 propter
744 2872 944 2939 aduersarios
972 2874 1176 2965 corporaliter
1202 2855 1379 2939 sentientes

226 2981 322 3062 negat
348 2977 472 3043 infinito
500 2978 621 3066 aliquid
654 2979 744 3065 iungi
775 2979 930 3063 potuisse,
960 2982 1034 3064 quia
1060 3000 1097 3047 ex
1125 3000 1162 3044 ea
1187 2981 1286 3064 parte,
1315 2997 1376 3060 qua
1437 3034 1439 3038 ,

178 3110 206 3150 rs
225 3083 365 3166 quidque
397 3084 591 3170 adiungitur,
623 3104 754 3151 necesso
782 3092 833 3154 est
860 3105 930 3152 ease
962 3088 994 3151 iu
1022 3087 1204 3170 corporibus
1236 3085 1375 3168 aliquem

262 3257 459 3312 liramutabili
477 3257 539 3312 ΜΔ
593 3258 788 3327 2gignereR
861 3247 908 3330 qm
929 3258 957 3313 V
1006 3259 1144 3328 4aliqna]
1164 3258 1257 3328 aliqua
1275 3258 1329 3312 alia
1347 3257 1375 3313 R

260 3349 292 3400 nt
309 3346 358 3417 sit]
378 3348 428 3400 aut
444 3345 528 3400 situ
539 3348 586 3400 ant
600 3346 677 3402 sicR
722 3348 888 3417 5geniturn]
908 3347 1029 3418 gentium
1044 3347 1081 3400 Μ
1124 3347 1212 3416 dipsa
1231 3345 1297 3401 deus
1312 3345 1373 3402 cdd.

260 3433 407 3505 inspiraret
425 3434 487 3489 MR
540 3435 679 3505 intellegit
696 3435 758 3490 ΜΔ
777 3436 838 3490 edd.
894 3435 1114 3507 ‘lcorporalibua
1132 3434 1192 3489 a'drl.
1248 3434 1373 3504 deaipire,
1432 3453 1434 3464 ·

223 3527 290 3588 1112
304 3522 428 3593 deripere
446 3524 474 3578 P
562 3523 623 3593 quis
642 3525 667 3594 (a
685 3526 717 3579 in
734 3541 791 3579 rua.
810 3543 847 3579 m.
864 3515 972 3580 at'ar'd.
991 3529 1018 3590 1)
1037 3524 1065 3580 R
1155 3515 1259 3592 uideat]
1280 3523 1375 3577 uideat

223 3611 312 3666 uideri
334 3611 360 3665 V
447 3612 465 3665 8
484 3628 601 3682 agerem,
620 3615 684 3666 1112
703 3629 791 3667 aerem
811 3613 848 3666 M
926 3616 1015 3668 iinon
1034 3614 1105 3668 euim
1125 3612 1245 3681 anullo]
1265 3612 1373 3666 anullo

224 3701 296 3756 anim
314 3716 434 3769 unquam
453 3699 481 3755 R
550 3701 583 3755 10
601 3717 708 3771 semper
727 3719 785 3756 esse
805 3702 874 3754 P¹V
950 3702 979 3755 in
997 3706 1074 3756 motu
1090 3718 1147 3756 raa.
1166 3718 1200 3755 ea
1217 3702 1330 3755 immota
1348 3700 1376 3754 P

223 3790 336 3844 immoto
355 3787 394 3842 M
447 3790 478 3843 ll
498 3789 643 3845 conturbet
661 3790 689 3843 P
742 3790 909 3845 inanissimi
928 3791 954 3844 A
1007 3793 1150 3846 l3autem
1169 3807 1219 3845 oua
1238 3790 1266 3843 P
1319 3790 1372 3858 eat]

223 3883 255 3934 a‘e
274 3878 377 3942 (abac
396 3894 410 3931 a
429 3879 501 3947 cap.)
525 3879 551 3933 V
628 3880 662 3934 15
681 3877 749 3934 dicit
766 3879 794 3933 id
813 3881 904 3949 ipsum
922 3880 1066 3934 ueritatem
1085 3885 1168 3948 atque
1187 3878 1312 3932 ueritatis
1331 3894 1372 3931 aa·

222 3966 353 4036 pientiam
372 3965 402 4020 R
470 3967 502 4020 16
522 3966 603 4036 qnod,
621 3969 688 4021 aaa
706 3966 771 4036 quid
789 3967 817 4021 P
888 3968 996 4022 bomine
1017 3973 1065 4035 (w
1086 3971 1168 4034 erae.)
1185 3967 1222 4021 M
1283 3967 1374 4021 21111

221 4055 255 4109 ior
266 4054 328 4125 fine
345 4069 374 4108 u.
393 4069 445 4109 om.
464 4053 492 4108 P
535 4056 570 4109 22
585 4054 702 4108 informa
719 4055 775 4109 ΑΡ
792 4058 868 4121 (11.2
886 4054 1023 4120 informia)
1068 4057 1215 4124 arrogat]
1234 4055 1327 4122 negati
1346 4055 1372 4109 A

258 4143 450 4213 porseslrru
544 4143 619 4213 quia]
640 4160 708 4213 quae
727 4145 756 4198 P
852 4161 884 4198 ea
903 4162 954 4198 om.
973 4145 1000 4198 A
1090 4146 1126 4198 25
1145 4143 1292 4214 quidquam
1312 4145 1371 4198 edd.

258 4234 303 4286 sat
320 4246 409 4285 coru
481 4231 666 4303 corporalibus
683 4232 713 4291 R
