3309 4867
348 299 412 363 722
711 294 738 349 S.
766 292 905 348 Aureli
932 253 1150 364 Augustini

349 508 460 556 sumus
480 487 520 555 ad
538 489 710 575 imaginem
730 488 790 565 dei,
811 487 894 554 nnds
912 489 1003 555 nobis
1028 487 1159 554 dicitur:
1180 486 1323 555 Nolito
1346 487 1507 555 confor-

348 595 447 661 mari
480 595 574 660 huia
608 595 786 672 saeculo,
824 593 894 660 sed
925 593 1206 665 reformamini
1238 594 1278 660 in
1309 593 1505 667 uouitsto

348 701 496 767 mentis
521 706 687 767 uestrae
710 700 757 767 ad
780 700 1033 787 probandum
1051 719 1136 780 uos,
1156 719 1256 786 quaa
1281 700 1338 768 sit
1359 701 1503 768 uulnu-

348 813 410 874 tas
440 807 514 886 dei,
543 808 649 891 quod
675 807 822 874 bouum
847 811 886 874 ot
911 807 1113 892 placitum
1136 811 1177 874 at
1203 807 1441 893 porfootum.
1470 810 1502 874 si

347 935 421 1002 orgo
445 934 506 981 non
533 914 565 980 in
589 915 673 979 mols
696 932 797 998 nequo
821 913 852 978 in
877 912 1071 980 distantibus
1090 933 1147 998 psr
1167 914 1239 981 loun
1261 931 1319 979 sus
1341 913 1502 996 partibus,
1531 940 1547 980 a

346 1023 433 1088 siout
459 1039 589 1104 corpora
617 1019 687 1085 siue
715 1022 887 1086 assuuntur
913 1018 984 1086 sino
1011 1019 1203 1104 cogitantur,
1236 1018 1294 1087 sod
1319 1018 1351 1084 iu
1378 1018 1502 1086 uirtute

345 1126 559 1220 intellegibili,
584 1125 687 1209 qualis
711 1130 762 1196 ost
782 1125 919 1205 iustitio,
942 1128 1082 1191 montom
1106 1124 1243 1192 dicimus
1267 1144 1326 1192 ssu
1349 1125 1501 1191 nouimus

343 1253 402 1299 sou
440 1233 592 1299 uolumus
628 1232 793 1314 pulohram
831 1235 864 1298 st
899 1230 1074 1298 sonundnm
1111 1234 1191 1298 hano
1227 1231 1501 1320 pululrritudinem

346 1339 555 1406 reformamur
586 1339 625 1405 ad
657 1338 829 1426 imaginem
858 1337 919 1417 dsi,
952 1338 1094 1423 proiecto
1126 1339 1229 1423 ipsius
1258 1339 1319 1417 dsi,
1352 1339 1407 1424 qui
1438 1357 1499 1405 nos

345 1445 497 1511 formauit
520 1447 554 1511 at
575 1443 726 1510 reformat
748 1443 788 1509 ad
815 1443 988 1529 imaginum
1017 1459 1119 1523 suam,
1142 1462 1207 1510 non
1228 1444 1262 1509 in
1285 1443 1391 1529 aliqua
1412 1445 1498 1510 molo
1515 1471 1545 1511 ro

346 1571 495 1635 corporea
518 1551 710 1636 suspiranda
728 1554 780 1616 ost
801 1548 1006 1633 pulchritudo
1030 1568 1132 1634 eoquo
1154 1550 1314 1618 iustorum
1337 1553 1498 1620 mentibus

346 1658 519 1723 credendus
548 1661 598 1723 ost
623 1656 914 1742 incomparabilitor
940 1656 1112 1739 pulchrior,
1138 1675 1203 1741 quo
1227 1660 1277 1724 ast
1302 1658 1497 1742 incompara-

344 1765 451 1830 biliter
477 1764 602 1830 iustior.
631 1763 709 1830 hano
733 1763 935 1830 dileotionom
963 1765 1062 1840 tnarn,
1091 1767 1244 1847 quantum
1272 1764 1313 1830 nd
1340 1766 1496 1833 usitatum

345 1871 555 1956 epistularum
564 1869 693 1935 modum
708 1869 856 1954 partinet,
870 1869 1023 1953 prolixius
1033 1869 1174 1952 forsitan,
1190 1889 1283 1955 quam
1295 1872 1495 1954 expertibus.

345 1981 498 2060 quantum
522 1981 629 2042 auum
653 1974 692 2041 ad
715 1979 782 2041 tam
806 1994 940 2061 magnos
963 1976 1009 2041 rei
1028 1976 1257 2060 quaestionem,
1279 1975 1420 2043 bronitsr
1442 1976 1494 2042 od·
1514 2000 1544 2042 rr

344 2083 506 2150 monuisse
533 2082 703 2157 suffocarit,
732 2100 793 2148 non
822 2082 859 2146 ut
886 2082 965 2147 satis
993 2081 1037 2150 sit
1064 2080 1235 2173 eruditioni
1261 2085 1347 2159 tnss,
1376 2081 1432 2149 ssd
1457 2086 1496 2148 ut

345 2190 416 2256 aliis
435 2208 560 2273 quoque
584 2190 676 2255 lectis
701 2187 862 2255 anditione
881 2187 1051 2273 diligenter
1072 2183 1248 2254 instructas
1271 2186 1341 2271 ipss
1364 2187 1495 2254 uberius

326 2283 402 2361 ¹tua
419 2313 511 2361 ssons
527 2295 612 2362 dicta
626 2295 806 2380 redarguas,
827 2294 912 2377 qnod
927 2297 977 2360 ost
995 2293 1108 2378 utiquo
1122 2297 1210 2359 tanto
1228 2292 1357 2375 molins,
1376 2297 1498 2378 quinto

344 2401 381 2467 fit
403 2401 558 2466 humilius
582 2404 615 2466 st
637 2400 774 2466 fidelius.
1254 2406 1257 2410 ’

434 2609 543 2664 lRonr.
567 2609 608 2672 12,
628 2610 645 2663 2

379 2733 514 2789 inuentis
533 2732 653 2803 uestras]
674 2747 768 2787 seusus
787 2731 872 2790 uestri
895 2731 930 2786 T¹
998 2732 1065 2786 «iot
1082 2747 1135 2789 orrr.
1153 2729 1182 2785 P
1251 2729 1501 2802 plsuiturn1bsne·

341 2823 473 2894 placitum
493 2821 554 2876 edd.
568 2821 693 2891 Eupippr'
711 2821 768 2878 cod.
789 2820 883 2878 Poris.
902 2821 995 2876 mora
1050 2818 1065 2872 7
1084 2823 1175 2875 menta
1188 2819 1245 2874 ΡΤ
1261 2818 1337 2888 (strio
1355 2824 1497 2876 morato

342 2927 413 2968 corr.
432 2908 535 2978 meutd)
642 2910 659 2963 9
678 2910 801 2981 proiecto
818 2910 905 2980 ipsius
925 2909 969 2963 dei
988 2924 1040 2965 orn.
1059 2907 1137 2963 codd.
1156 2908 1282 2979 Dsoippr'
1299 2907 1358 2963 nod.
1382 2906 1496 2962 lassu.

345 3001 377 3055 lo
395 2998 535 3068 formauit]
555 2998 715 3053 reformauit
732 2998 794 3053 edd.
808 3004 923 3067 praeter
941 3015 967 3052 m
985 2997 1059 3068 Eup.
1158 2998 1188 3051 11
1210 2994 1384 3067 suscipiendo
1401 2994 1496 3051 PH*

344 3090 377 3144 12
396 3105 450 3158 quo
470 3091 513 3141 ost
530 3083 790 3147 iucommutsblliter
808 3087 906 3143 iustior
923 3087 1050 3157 Eum
1065 3085 1125 3142 nod.
1145 3084 1208 3140 Vnt.
1261 3086 1295 3141 14
1314 3086 1416 3146 attinet
1433 3083 1496 3141 eod.

344 3180 376 3234 15
397 3176 558 3231 auimouisss
581 3175 605 3231 0
678 3177 710 3232 ld
729 3176 767 3230 sit
785 3192 836 3230 om.
859 3174 910 3230 OT
981 3174 1113 3230 luleus
1132 3172 1234 3230 auditis
1252 3174 1297 3229 uel
1316 3173 1395 3229 codd.
1414 3173 1500 3229 lautis

342 3266 385 3321 nol
405 3262 505 3320 auditis
524 3263 600 3330 add.,·
619 3265 766 3319 emendant
784 3264 864 3319 lentis
877 3261 1021 3319 auditisne
1092 3262 1234 3318 instruatis
1256 3260 1280 3318 0
