3309 4867
575 466 841 538 epistularum
869 464 991 522 cxvm.
1258 535 1260 540 ‚
1294 469 1360 535 679

209 664 348 748 perlecta
371 661 512 746 corporis
535 660 591 726 illa
609 664 749 726 extrema
765 659 868 727 totius
891 659 1031 728 hominis
1054 660 1267 730 inmortalitas
1285 663 1361 738 eritr

209 768 420 854 temporanei
439 767 523 835 enim
541 770 655 833 ustura
673 767 752 833 dous
775 765 854 832 iecit
871 767 1020 847 enimam,
1043 771 1081 834 ut
1099 787 1135 833 ex
1154 768 1224 835 eins
1242 769 1361 852 plenis·

211 876 291 942 sime
313 874 521 951 beatitudine,
547 892 627 957 quae
649 874 682 938 in
709 873 772 938 fine
794 876 975 956 temporum
1005 874 1125 940 sanctis
1152 875 1361 958 promittitur,

208 981 362 1048 redundet
385 980 482 1047 etiam
509 980 541 1045 in
569 978 750 1046 inferiorem
776 981 933 1059 naturam,
957 978 1043 1062 quod
1071 981 1122 1045 est
1144 985 1270 1065 corpis,
1297 999 1360 1048 uon

175 1112 189 1153 s
207 1088 382 1164 beatitudo,
406 1106 488 1171 quae
506 1085 641 1152 inuentis
661 1088 694 1151 et
710 1084 927 1169 intellegentis
947 1088 997 1150 est
1019 1085 1155 1170 propria,
1180 1086 1237 1151 sed
1259 1085 1359 1170 pleni·

206 1194 286 1261 tudo
314 1192 470 1269 sanitatis,
498 1192 608 1258 idest
634 1191 880 1275 incorruptionis
909 1192 1003 1276 uigor
1029 1228 1080 1271 -,
1105 1191 1191 1276 quod
1218 1193 1358 1278 quinon

207 1301 328 1379 uident,
353 1304 388 1366 ut
410 1299 484 1377 diri,
507 1294 627 1365 bellent
649 1298 801 1381 inquietis
824 1298 1085 1364 altercationibus
1109 1299 1196 1365 uarie
1218 1318 1275 1382 pro
1299 1318 1358 1364 ano

206 1393 343 1491 quisque
379 1410 474 1489 captu
511 1406 543 1470 iu
582 1424 711 1489 corpore
748 1406 981 1471 constituentes
1018 1424 1179 1471 summum
1219 1405 1358 1472 hominis

127 1535 130 1548 ·
205 1513 324 1579 bonum
361 1517 395 1578 et
429 1512 601 1578 cernelium
643 1512 869 1578 seditiosorum
909 1512 1021 1577 turbes
1058 1513 1233 1590 concitant;
1274 1512 1359 1579 inter

115 1645 118 1650 ·
160 1645 187 1687 ro
206 1640 287 1706 quos
300 1620 449 1703 Epicurei
468 1619 552 1703 apud
570 1619 731 1684 indoctam
750 1618 993 1685 multitudinem
1012 1618 1232 1685 excellentiore
1250 1623 1357 1686 ancto-

204 1728 299 1793 ritate
323 1727 504 1811 niguerunt

72 1841 157 1903 015
249 1830 300 1896 Da
325 1832 414 1905 item,
444 1832 498 1915 qui
522 1831 585 1897 cito
614 1829 725 1897 uideat
751 1830 893 1896 animum
916 1848 1044 1914 quoque
1071 1830 1179 1915 ipsum
1207 1850 1269 1898 non
1297 1850 1355 1897 suo

204 1940 286 2006 bono
313 1937 443 2003 beatum
471 1956 552 2015 esse,
576 1956 649 2002 cum
676 1937 790 2002 beatus
815 1940 875 2014 est,
903 1937 1045 2021 alioquin
1073 1955 1247 2021 numquam
1271 1940 1357 2003 esset

135 2096 141 2102 .
203 2045 311 2121 miser,
336 2047 369 2109 et
386 2043 554 2110 recedetur
570 2063 589 2108 a
606 2042 795 2126 quaerendo,
818 2046 926 2109 utrum
941 2037 982 2108 ¹in
1002 2043 1107 2110 animo
1126 2045 1170 2110 sit
1193 2062 1355 2109 summum

157 2175 185 2218 ra
203 2151 286 2217 illud
317 2153 422 2234 atque,
460 2155 498 2215 ut
529 2151 578 2215 ita
608 2149 750 2228 dixerim,
787 2148 971 2215 beatificum
1002 2148 1121 2215 bonum
1158 2148 1212 2215 uel
1249 2149 1356 2232 aliqua

176 2278 277 2344 ‚pars
309 2257 388 2323 eius.
421 2275 494 2322 nsm
527 2276 600 2325 oum
632 2275 667 2322 se
699 2257 769 2340 ipso
802 2255 865 2322 sibi
898 2256 990 2339 qnasi
1022 2275 1081 2322 suo
1113 2256 1197 2321 bono
1229 2255 1354 2321 animus

203 2364 331 2450 gaudet,
355 2362 513 2448 superbus
537 2369 596 2430 est.
625 2381 699 2428 cnm
721 2381 797 2429 uero
825 2360 980 2446 perspicit
1007 2381 1043 2428 sa
1066 2382 1137 2429 esse
1165 2363 1353 2429 mutabilem

202 2472 254 2538 uel
282 2471 343 2537 hoc
370 2488 433 2536 uuo
461 2471 585 2548 saltem,
610 2469 696 2562 quod
719 2469 757 2533 de
781 2469 882 2534 stulto
906 2470 1032 2553 sapiens
1057 2469 1204 2547 efficitur,
1233 2469 1355 2552 sapien·

200 2579 341 2662 tiamque
362 2596 432 2643 esse
450 2576 744 2642 incommutabilem
763 2575 872 2654 cernit,
897 2575 995 2641 simul
1013 2579 1138 2660 oportet
1157 2580 1264 2642 cernet
1282 2594 1353 2641 esse

152 2709 179 2750 so
199 2667 289 2750 illam
316 2701 413 2765 supra
440 2701 531 2747 suem
558 2686 702 2748 naturam
728 2683 861 2765 eiusque
888 2682 1131 2765 participatione
1154 2685 1250 2766 atque
1272 2682 1354 2747 inlu·
1440 2709 1444 2715 ·

199 2789 351 2857 stratione
384 2806 419 2853 se
450 2787 579 2853 uberius
611 2792 644 2853 et
677 2789 794 2853 certius
828 2787 966 2872 gaudere
999 2808 1097 2872 qnam
1127 2809 1162 2853 sc
1195 2791 1275 2871 ipso.
1308 2790 1353 2854 ita

198 2913 327 2966 cessans
347 2897 442 2976 atque
462 2893 683 2959 detumescens
704 2914 722 2959 e
740 2895 912 2960 iactatione
931 2898 1027 2978 atque
1045 2894 1208 2961 inflatione
1226 2899 1352 2979 propria
1452 2893 1455 2898 ’

197 3002 360 3067 inhaerere
383 2998 441 3065 deo
466 3003 561 3083 atque
585 2999 623 3065 ab
652 3001 708 3067 illo
738 3001 993 3067 incommutabili
1019 3001 1163 3067 reficiet
1190 3001 1351 3070 reformari

197 3108 320 3185 nititur,
353 3125 372 3171 a
405 3124 467 3190 quo
501 3125 571 3172 esse
603 3105 666 3171 iem
701 3107 787 3190 capit
818 3127 880 3173 non
915 3107 1019 3173 solnm
1052 3125 1176 3175 omnem
1211 3107 1348 3190 speciem

151 3242 178 3283 sn
196 3231 301 3277 rernm
317 3212 471 3290 omnium,
491 3211 560 3277 siue
575 3232 655 3295 qnae
675 3233 769 3278 sensu
791 3213 931 3298 eorporis
951 3213 1020 3279 siue
1035 3233 1116 3297 quae
1134 3213 1352 3297 intellegentia

196 3319 313 3385 mentis
337 3318 556 3403 adtinguntnr,
585 3320 642 3386 sed
666 3321 761 3386 etiem
787 3321 890 3404 ipsam
914 3321 1123 3405 capacitatem
1151 3320 1350 3386 formationis

195 3430 269 3491 aute
298 3425 528 3499 formationem,
553 3445 627 3493 cum
651 3427 704 3492 uel
727 3428 861 3493 informe
885 3427 1008 3511 aliquid
1030 3426 1157 3505 dicitur,
1182 3426 1347 3511 (111011101-

195 3532 275 3598 mari
293 3535 410 3617 potest.
430 3532 539 3615 itaque
557 3534 771 3619 tantominus
791 3554 826 3599 ss
845 3552 915 3599 csse
935 3532 1082 3599 stabilem
1102 3533 1212 3611 sentit,
1232 3536 1348 3616 quanto

232 3739 384 3810 looxporis
403 3739 525 3810 perfecta
541 3738 570 3794 R
636 3740 700 3794 lin
720 3755 782 3804 om,
802 3740 997 3795 m.2cdd.1i
1067 3742 1100 3796 10
1119 3738 1302 3795 excellentiori
1320 3738 1348 3793 R

194 3826 379 3910 excellenliA
420 3829 453 3882 12
473 3828 530 3900 qni]
551 3844 620 3899 quse
638 3826 753 3899 Mune,
773 3845 828 3884 rus.
847 3828 956 3883 ataid
977 3828 1063 3899 quiA
1119 3828 1228 3884 cicoM
1278 3829 1345 3896 non]

192 3917 221 3971 in
247 3915 274 3969 V
339 3917 371 3971 13
391 3917 535 3987 alioquid
604 3917 637 3971 14
655 3917 828 3990 recederetur
846 3919 872 3971 Δ
892 3916 1028 3973 receditur
1045 3916 1083 3972 M
1150 3919 1183 3972 15
1202 3915 1294 3986 aliquo
1312 3915 1349 3970 Μ

195 4004 229 4059 16
247 4004 344 4058 siblios
357 4004 413 4070 fine
423 4003 560 4058 sacmR
609 4005 643 4060 18
658 4005 703 4075 de]
720 4004 818 4059 eP¹V
869 4005 1141 4077 sapientiamnrnesse
1156 4005 1192 4059 M
1239 4005 1275 4059 20
1290 4004 1347 4057 eius

193 4098 256 4158 (oon.
271 4097 334 4162 qne)
354 4091 416 4146 MA
471 4093 506 4148 23
525 4096 608 4163 atque
627 4109 687 4157 aaa..
700 4097 767 4148 m.2
784 4095 815 4147 in
832 4110 919 4164 scarp.
935 4094 1001 4154 cdd,
1016 4094 1052 4149 P¹
1107 4092 1264 4160 reformare,
1277 4108 1347 4147 carr.

192 4185 252 4235 nal
271 4177 409 4235 reformari
429 4181 462 4234 M
497 4182 532 4236 24
547 4183 675 4245 nitititur,
696 4198 764 4238 corr.
785 4182 891 4248 (mus)
910 4183 1009 4237 nititur
1027 4183 1055 4236 P
1125 4183 1199 4254 cppit
1212 4180 1250 4235 Μ
1265 4174 1346 4252 cepit.

191 4273 253 4352 sni
269 4285 357 4338 supro
374 4269 388 4323 1
406 4270 481 4340 capit
498 4269 527 4325 R
601 4287 707 4325 omnem
727 4273 854 4342 speciem,
872 4274 934 4327 Μ
950 4287 1039 4339 supro
1056 4272 1070 4326 l
1089 4271 1177 4325 omnis
1196 4269 1301 4342 species
1319 4269 1347 4325 R

191 4360 226 4413 ‘25
246 4358 451 4428 intellegentia·
470 4363 507 4426 (m
526 4365 606 4425 aas.)
627 4358 655 4414 P
708 4361 741 4415 27
762 4360 857 4430 aliqui,
876 4363 942 4414 nse
960 4359 1063 4430 aliquid
1082 4359 1120 4414 M
