3309 4867
645 289 908 357 epistularum
937 287 1040 341 LXXX.
1350 296 1414 357 349

270 485 396 559 extasis,
420 484 475 546 sed
500 484 594 547 rebus
618 484 697 566 ipsis
721 484 939 548 accidentibus
963 488 996 550 et
1019 483 1058 548 ad
1081 479 1179 563 aliud,
1200 504 1294 568 quam
1314 489 1415 550 statn-

270 589 405 670 era'mus,
428 590 618 656 uocantibus
643 591 789 673 cogimur
811 608 982 676 agnoscere
1007 589 1057 655 dei
1080 578 1280 656 uoluntatem
1309 573 1437 658 aliems

270 716 361 779 quam
386 700 453 760 eret
475 700 594 772 nestra,
624 701 786 779 tamquam
816 698 843 761 si
870 696 1029 781 proficisci
1058 693 1272 764 statueremus
1300 700 1332 763 et
1359 699 1414 762 ali-

269 804 343 887 quid
366 805 517 884 ereretnr‚
543 794 859 887 qued'eonsultade
883 793 988 870 allisio
1012 807 1119 871 nostre
1144 805 1264 870 ueritas
1290 808 1416 870 uetaret

236 903 419 986 sdeserere,
462 915 518 976 aut
559 911 801 1005 decernentibus
842 912 1004 1006 inmenens
1043 911 1252 977 nuntiaretur·
1281 909 1411 993 aliquid,

269 1018 352 1100 qued
384 1018 494 1086 eadem
522 1016 657 1082 ueritate
685 1018 832 1083 consulta
860 1037 919 1083 nos
947 1005 1152 1102 compelleret
1177 1015 1345 1100 proficisci.
1377 1036 1412 1082 er

269 1125 328 1191 hoe
359 1127 453 1191 tertio
487 1135 602 1209 genere
633 1136 800 1189 causarum
833 1124 1002 1190 mutandae
1035 1125 1210 1190 sententiae
1243 1124 1320 1208 quid
1336 1109 1412 1189 'aiei

268 1232 414 1298 uideatur
434 1236 509 1315 pete
532 1236 658 1297 mee'um
682 1231 809 1317 plenius
833 1246 865 1297 et
888 1231 1053 1297 enodatius
1077 1233 1288 1316 eenleqnam‘e.
1319 1249 1413 1314 saepe

268 1357 323 1418 nos
347 1341 463 1422 quippe
487 1340 656 1415 conturbat
678 1343 710 1404 et
734 1338 863 1404 difficile
887 1338 936 1406 est
963 1357 1024 1404 nen
1048 1328 1287 1423 aliquid‚rqned
1309 1338 1412 1421 magis

218 1472 249 1513 ro
266 1444 442 1530 laciendum
458 1447 545 1524 erat,
569 1445 727 1523 omittere,
751 1444 827 1510 dum
851 1444 932 1512 illud
955 1448 1077 1510 mutare
1100 1445 1262 1522 nolumus,
1289 1429 1330 1508 in
1349 1461 1411 1524 que

265 1550 352 1636 prius
384 1570 567 1634 permanere
604 1556 831 1631 statueramus,
868 1571 928 1618 non
967 1550 1095 1634 quidem
1128 1548 1263 1630 malum,
1300 1568 1411 1622 uerum

264 1658 327 1722 iam
353 1658 425 1726 idae
452 1659 586 1736 malum,
612 1658 687 1741 quia
713 1658 757 1736 id,
786 1657 871 1741 qued
897 1658 1005 1742 petius
1034 1656 1191 1742 agendum
1219 1660 1279 1736 est,
1303 1674 1411 1723 eeeur-

264 1784 333 1829 rens
356 1765 523 1843 deseritur,
547 1765 632 1847 qued
656 1765 684 1829 si
707 1784 769 1829 nen
793 1767 982 1839 occurreret,
1006 1782 1067 1828 nen
1096 1763 1201 1841 solum
1229 1764 1296 1829 sine
1324 1763 1409 1828 uitu-

221 1859 225 1867 ’
261 1873 422 1955 peratiene
454 1871 511 1938 sed
543 1871 639 1960 etiam
671 1890 744 1937 eum
777 1872 871 1937 laude
903 1872 935 1936 in
963 1870 1019 1936 ille
1048 1870 1149 1953 priore
1178 1870 1408 1955 perduraretur.

214 2012 244 2052 ,a
262 1979 313 2043 liic
335 1999 396 2046 non
416 1980 485 2045 felli
504 1978 633 2043 difficile
652 1983 711 2056 est,
731 1979 784 2045 hie
803 1979 930 2045 omnine
950 1973 1017 2042 uex‘
1030 1977 1215 2061 prophetica
1232 1977 1409 2062 praeualet:

262 2086 425 2152 Delicta
448 2086 540 2170 quis
564 2086 807 2171 intellegit?
829 2085 913 2164 hina
939 2102 1004 2162 ere,
1027 2084 1213 2168 participem
1236 2103 1286 2149 me
1310 2084 1408 2151 faciae

262 2193 491 2278 cogitatienum
520 2197 662 2272 tnamm
695 2193 771 2277 quid
801 2193 836 2257 in
865 2178 984 2258 talibus
1012 2191 1066 2256 nel
1093 2191 1195 2258 faeere
1214 2193 1328 2268 soleas
1355 2194 1408 2257 nel
1472 2211 1476 2252 r

261 2297 438 2381 faciendum
463 2319 534 2366 esse
557 2301 703 2384 reperias.

351 2493 384 2546 16
402 2492 446 2546 Pa.
467 2491 509 2552 18,
531 2491 564 2546 13

298 2615 310 2667 1
332 2615 443 2668 ecstasis
462 2614 524 2670 edd.
538 2621 680 2683 praetera
752 2609 944 2671 accedentibus
962 2615 1046 2672 ΓΑΕ
1099 2615 1228 2685 aeliam]
1248 2629 1307 2667 esse
1326 2612 1406 2667 eliani

262 2702 331 2757 lrm
353 2755 355 2760 ,
383 2705 399 2758 3
419 2708 538 2757 nestram
559 2712 639 2774 quain
660 2705 682 2757 si
697 2704 780 2759 FAR
798 2709 891 2759 nostra
906 2703 977 2774 qnod
991 2704 1014 2758 ei
1029 2704 1066 2757 P¹
1077 2721 1096 2757 a
1106 2721 1121 2759 e
1123 2706 1147 2773 s
1151 2721 1166 2757 -ν
1183 2707 1277 2757 nestra
1295 2717 1349 2771 qua
1363 2692 1407 2755 eil

295 2791 428 2860 proficisci
448 2797 547 2860 (poste.
568 2794 584 2846 l.
605 2795 636 2848 in
654 2810 710 2846 rae.
730 2795 850 2860 1-21.)
870 2794 897 2846 P
976 2796 1165 2857 statueramus,
1184 2808 1253 2846 eois.
1272 2792 1406 2843 m.1atn·

259 2883 395 2934 tueremne
413 2881 439 2934 A
508 2884 526 2937 4
545 2882 598 2936 ord
615 2887 692 2945 riter,
710 2886 777 2936 Μ
795 2884 909 2936 oriretur
925 2882 954 2936 ,Ρ
971 2882 1086 2936 oriretur
1103 2880 1197 2935 AP¹R
1214 2879 1274 2934 edd.
1329 2881 1346 2934 5
1364 2879 1413 2933 1η·-

260 2983 366 3022 manere
391 2973 419 3032 (a
440 2959 506 3024 mss2
527 2971 559 3023 in
582 2985 637 3024 rna.
663 2974 677 3022 1
700 2971 729 3036 l.)
748 2972 777 3024 P
797 2970 836 3025 ibi
858 2986 967 3025 manere
990 2970 1050 3024 edd.
1141 2971 1157 3024 6
1176 2969 1219 3038 ex]
1240 2968 1272 3022 de
1292 2985 1305 3020 e
1308 2966 1331 3035 s
1337 2967 1347 3020 l
1355 2983 1406 3022 rer

260 3056 276 3107 'l
299 3057 457 3111 medendae
482 3064 505 3115 (t
528 3063 596 3111 Μ
619 3075 652 3112 ex
675 3057 704 3126 di
727 3059 755 3112 P
842 3058 859 3112 8
881 3074 986 3113 meeum
1009 3073 1061 3113 om.
1079 3057 1107 3112 R
1215 3054 1360 3111 enudecius
1377 3055 1408 3109 F

262 3144 295 3198 10
313 3144 437 3199 ualemus
455 3145 516 3201 edd.
532 3152 679 3214 praetenui
748 3148 781 3201 14
800 3148 887 3217 priore
907 3148 927 3216 (i
947 3147 1060 3212 maesta)
1078 3146 1106 3199 P
1173 3145 1206 3199 15
1225 3144 1319 3197 ferrnndli
1337 3147 1404 3206 trae.

259 3234 378 3299 1-21.)
399 3233 428 3287 F
497 3234 644 3305 prophetes
665 3235 700 3288 Ρ1
756 3238 789 3290 18
809 3252 866 3290 esse
885 3251 936 3290 orn.
957 3234 984 3288 P
1001 3237 1043 3288 est
1061 3233 1092 3288 F
