3309 4867
592 429 858 499 epistularum
887 429 966 487 CXX.
1290 438 1354 504 719

196 622 234 686 et
268 618 355 685 filius
393 627 424 686 et
461 621 594 705 spiritus
631 627 762 689 sanetus
799 581 895 689 unius
932 625 1131 691 substantiae
1167 626 1223 693 aed
1260 628 1354 695 unius

199 723 392 803 diuinitatis,
421 746 502 809 quae
530 746 592 794 non
621 733 670 794 est
697 730 887 820 substantia.
922 731 1070 816 agnoscis
1098 736 1205 798 autem
1232 731 1266 799 in
1292 733 1354 804 fide

199 830 368 909 catholica,
397 833 546 914 quoniam
574 834 635 901 boc
659 839 709 899 est
736 856 864 914 nerum,
889 832 1043 903 boo'esse
1070 837 1241 916 firmatum,
1270 839 1355 924 quod
1481 819 1492 828 ⁰

199 942 290 1022 pater
312 939 346 1003 et
368 938 454 1005 filius
474 945 507 1005 et
529 941 664 1024 spiritua
688 945 819 1014 sanetus
843 941 925 1021 ideo,
949 961 1023 1013 oum
1046 944 1090 1010 sit
1111 944 1248 1024 trinitas,
1272 964 1355 1011 unus

164 1067 179 1105 1
200 1049 252 1109 est
265 1043 355 1124 deus,
371 1045 457 1128 quod
474 1046 728 1131 inseparabiliter
745 1050 811 1120 sint
824 1050 922 1115 nnius
937 1050 1144 1133 eiusdemque
1157 1052 1355 1118 substantiae

199 1151 263 1227 uel,
292 1150 320 1216 si
349 1150 410 1218 boc
437 1152 554 1220 melius
579 1154 706 1235 dicitur,
735 1156 903 1222 esaenb‘ae.
932 1175 1003 1221 nam
1032 1157 1174 1222 nonnulli
1199 1158 1299 1224 nostri
1323 1161 1362 1223 et·
1399 1137 1409 1152 κ

200 1258 337 1323 maximo
367 1257 480 1325 Graeci
512 1259 699 1336 trinitatem,
732 1279 813 1346 quae
845 1260 926 1326 deus
956 1264 1017 1338 ost,
1037 1245 1168 1348 magis.
1184 1263 1354 1329 essentiam

200 1381 295 1445 quam
322 1381 416 1428 unam
440 1363 653 1430 substantiam
677 1384 747 1432 ease
771 1365 919 1432 dixerunt
940 1365 1063 1451 aliquid
1085 1349 1168 1433 inter
1190 1365 1268 1434 baec
1292 1367 1354 1434 duo

199 1470 327 1535 nomina
344 1489 417 1536 esse
441 1470 630 1536 arbitrantes
649 1472 703 1537 nel
725 1472 960 1557 intellegentes,
983 1473 1068 1538 unde
1091 1491 1174 1538 nunc
1192 1473 1355 1558 disputare

147 1608 179 1649 10
200 1594 263 1641 101
282 1594 364 1658 opus
385 1581 445 1650 eat,
470 1577 565 1659 quod,
590 1577 653 1643 etsi
677 1577 878 1644 diuinitatem
903 1578 1009 1656 istam,
1033 1598 1115 1661 quae
1137 1579 1225 1664 aliud
1249 1581 1355 1645 eristi·

198 1685 395 1750 maturasse
415 1702 509 1766 quam
533 1684 606 1768 ipsa
622 1684 760 1761 trinitas,
784 1704 846 1751 non
871 1684 1083 1754 substantiam
1108 1685 1164 1751 sed
1183 1687 1354 1752 essentiam

201 1788 382 1867 dixerimus,
407 1789 517 1855 eadem
540 1791 666 1872 falsitas
690 1799 911 1875 consequetur.
942 1792 969 1856 si
993 1790 1076 1857 enim
1100 1791 1163 1855 alia
1186 1793 1238 1856 est
1259 1811 1353 1875 quam

199 1895 270 1980 ipsa
301 1896 439 1970 trinitas,
472 1897 573 1962 altera
600 1898 661 1963 erit
688 1897 838 1973 essentia,
872 1896 957 1979 quod
989 1895 1074 1962 absit
1106 1900 1143 1962 ut
1175 1897 1354 1963 catholicus

200 2001 328 2066 sentiat
352 2004 454 2066 restat
476 2002 599 2085 itaque,
624 2007 663 2067 ut
683 2003 730 2068 ita
752 2002 919 2069 credamus
942 2002 1038 2068 unius
1063 2021 1133 2067 esse
1157 2003 1355 2069 substantiae

123 2129 179 2202 Χιε
200 2108 387 2186 trinitatem,
415 2115 453 2173 ut
475 2110 547 2192 ipsa
569 2110 711 2175 essentia
738 2129 799 2175 non
828 2108 917 2174 aliud
940 2109 985 2174 sit
1007 2127 1103 2192 quam
1125 2108 1196 2191 ipsa
1217 2109 1354 2174 trinitas.

200 2214 240 2280 ad
268 2233 364 2297 qnam
392 2214 560 2281 uidendam
590 2219 744 2299 quantum
776 2215 858 2280 libet
888 2214 921 2280 in
954 2215 1013 2280 hac
1040 2213 1108 2280 uita
1139 2214 1354 2298 proficiamus,

201 2339 270 2404 per
302 2320 513 2404 speculum
543 2321 602 2387 erit
630 2325 670 2387 et
701 2322 739 2387 in
772 2322 1015 2407 aenigmate,
1050 2321 1134 2404 quod
1163 2320 1353 2386 uidebimus.

201 2446 275 2492 oum
303 2446 390 2504 uero,
416 2427 500 2511 quod
524 2428 555 2492 in
579 2429 809 2494 resurreetione
836 2428 1045 2513 promittitur,
1075 2426 1216 2510 spiritale
1239 2445 1353 2509 corpus

201 2534 316 2599 babere
348 2534 556 2617 coeperimus,
597 2533 666 2599 siue
702 2534 789 2598 illam
824 2539 930 2598 mente
967 2534 1037 2598 siue
1073 2532 1211 2598 mirabili
1247 2533 1353 2610 modo,

151 2640 350 2722 aequoniam
374 2640 544 2705 ineffabilis
564 2644 615 2705 est
637 2639 789 2722 spiritalis
809 2639 950 2721 corporis
975 2638 1087 2723 gratia,
1111 2637 1206 2703 etiam
1224 2656 1354 2721 corpore

200 2747 379 2821 uideamus,
416 2765 477 2811 non
510 2751 617 2811 temen
649 2765 705 2829 per
735 2746 880 2810 locorum
912 2744 1082 2810 interualla
1112 2763 1169 2810 nee
1200 2744 1233 2810 in
1264 2749 1354 2827 parte

200 2852 356 2917 minorem
379 2851 411 2916 in
434 2855 525 2935 parte
544 2852 708 2930 maiorem,
733 2851 884 2937 qnoniam
903 2870 964 2917 non
983 2853 1033 2916 est
1051 2868 1166 2935 corpus
1185 2855 1218 2916 et
1235 2850 1353 2933 ubique

92 2951 99 2962 ’
201 2963 270 3024 tota
292 2962 352 3036 est,
375 2977 432 3041 pro
456 2965 563 3024 nostra
585 2959 761 3043 capacitate
783 2957 978 3024 uidebimus.

14 3060 66 3127 IV
96 3057 151 3123 18
247 3063 341 3145 Quod
368 3084 446 3130 uero
473 3065 613 3149 posuisti
639 3065 672 3129 in
696 3065 837 3148 epistula
862 3068 920 3129 toa
946 3063 1049 3128 uideri
1071 3062 1131 3128 tibi
1154 3064 1208 3129 uel
1233 3063 1354 3149 potius,

151 3195 181 3234 aa
202 3170 288 3254 quod
307 3170 476 3236 uidebatur
493 3171 553 3236 tibi
577 3170 656 3235 nihil
675 3170 786 3235 uiuum
812 3169 990 3236 secundom
1013 3169 1226 3240 substantiam
1246 3168 1353 3235 inesse

201 3276 344 3342 iustitiae
372 3275 508 3359 ideoque
535 3281 568 3341 te
596 3294 658 3341 non
686 3295 780 3360 posse
804 3274 909 3341 adhuc
932 3275 1038 3352 deum,
1061 3274 1095 3339 id
1118 3279 1169 3342 est
1191 3275 1352 3340 uiuentem

293 3518 325 3572 17
344 3516 358 3571 Ι
378 3518 439 3576 Cor.
460 3519 502 3580 13,
523 3518 557 3572 12
630 3517 729 3588 oo-p.
748 3517 809 3580 720,
829 3516 846 3571 3
867 3540 901 3563 =
919 3533 945 3587 p.
966 3517 1027 3578 702,
1049 3516 1180 3579 19-703.
1202 3518 1215 3572 l

237 3695 254 3749 3
273 3691 325 3747 boc
345 3695 387 3746 eet
404 3691 567 3746 firmaturus
584 3691 637 3746 boc
655 3694 698 3746 est
716 3692 903 3747 confirmatum
917 3709 944 3745 m
1016 3698 1061 3760 qrb
1078 3690 1131 3745 OT
1148 3691 1275 3760 qnoniam
1290 3690 1353 3746 edd.

196 3786 347 3852 1111111111
419 3780 520 3850 5qnia
541 3779 657 3835 OPTT'
676 3779 736 3835 edd.
823 3784 888 3834 sunt
905 3779 967 3835 edd.
1040 3779 1205 3834 9111111111
1223 3779 1301 3847 σᾶς
1318 3779 1353 3848 ef.

200 3886 274 3939 pase
292 3869 332 3923 od
348 3869 435 3939 Apol.
454 3869 487 3924 dc
509 3869 598 3939 dcem
618 3869 694 3924 Plat
714 3870 732 3923 1.
752 3869 829 3924 110.
848 3872 929 3939 up.
949 3869 997 3932 89,
1020 3866 1191 3922 9111111
1214 3867 1355 3923 0111111111·

202 3959 237 4014 10
255 3961 299 4012 eat
316 3974 384 4028 opus
402 3956 464 4011 eda.
537 3958 681 4013 estimatur
701 3956 780 4012 OPT
835 3954 1050 4011 14101111
1106 3956 1140 4011 lt
1157 3955 1353 4027 prospiciamus

205 4044 269 4101 ΤΡ
361 4046 394 4099 17
418 4045 477 4115 per]
500 4049 529 4098 et
546 4059 596 4115 per
614 4050 655 4111 (et
672 4049 819 4115 111111)
841 4043 868 4097 T
956 4043 1008 4097 erit
1026 4041 1222 4110 111..11.1(1)
1242 4042 1355 4101 (ΜΟ

203 4136 237 4189 19
254 4132 386 4202 mirabili]
405 4132 586 4187 irrationabili
604 4132 698 4187 PTT¹
805 4129 914 4186 mouere
934 4136 1045 4200 (paruo
1062 4126 1132 4201 raa.)
1149 4130 1177 4185 B
1248 4130 1285 4186 29
1301 4132 1354 4187 mi·

117 4294 125 4307 .
200 4238 282 4278 norea
299 4220 393 4276 ΡΤΤι
465 4221 505 4292 ir]
525 4237 577 4276 nec
594 4221 623 4275 in
645 4220 699 4277 OT
767 4222 884 4275 maiores
903 4215 995 4274 ΡΤΤΙ
1049 4219 1085 4274 24
1103 4218 1203 4291 potins]
1222 4206 1356 4291 potestP

201 4311 237 4366 26
256 4314 285 4364 ts
302 4326 355 4365 om.
374 4309 452 4365 codd.
