3309 4867
1146 260 1163 301 a

173 444 177 455 ⁵
283 375 350 439 454·
639 371 668 430 S.
697 358 834 426 Aureli
863 371 1077 443 Augustini

283 584 339 649 pro
364 564 485 650 impiis;
509 567 669 649 posterius
690 585 763 632 nero
783 569 912 650 tempus
931 568 1018 633 illius
1036 569 1121 653 regis
1140 568 1336 653 significauit
1352 573 1434 636 tem-

283 688 360 755 pora
387 672 599 755 posteriorum
626 691 737 757 regum
767 673 831 739 ium
859 672 1012 751 fidelium,
1041 693 1122 758 qnos
1149 674 1315 759 patiuntur
1339 676 1432 760 impii

283 797 340 860 pro
366 775 565 843 Christianis.
1500 866 1502 869 Ι

234 879 275 944 10
330 883 393 970 Sed
421 883 514 967 plane
541 883 574 949 in
602 885 660 962 eis,
685 886 739 969 qui
764 886 825 952 suh
848 886 973 952 nomine
997 884 1116 953 Christi
1140 890 1245 953 emunt
1267 886 1434 953 seductio

285 989 457 1074 peruersis,
483 1008 522 1054 ne
554 990 636 1056 forte
668 1011 745 1057 oues
779 990 898 1057 Christi
931 991 997 1057 sint
1023 996 1163 1058 errantes
1186 992 1280 1057 etad
1304 1011 1433 1077 gregem
1469 1015 1483 1052 a

286 1096 378 1161 aliter
404 1095 603 1162 renouandae
631 1097 706 1173 sint
730 1101 907 1185 temperata
930 1085 1084 1170 seueritas
1108 1100 1141 1162 et
1162 1098 1266 1184 mugio
1289 1114 1435 1163 mansue·

284 1188 364 1269 tudo
388 1207 545 1281 seruatur,
566 1207 604 1268 ut
627 1202 840 1269 cohercitione
863 1204 1027 1271 eriliomm
1052 1208 1148 1287 atque
1172 1203 1357 1269 damuomm
1381 1203 1434 1268 ad·

286 1311 475 1387 moueantur
497 1309 707 1385 considerare.
732 1310 809 1392 qnid
833 1328 930 1391 ornare
953 1310 1124 1395 putantur,
1146 1314 1179 1376 et
1201 1308 1326 1375 decant
1347 1329 1435 1395 prae

287 1434 402 1500 ponere
429 1415 610 1482 rumoribus
640 1420 673 1481 et
701 1416 869 1482 calumniis
894 1417 1057 1482 hominum
1082 1417 1266 1501 scripturas,
1289 1435 1369 1500 quas
1390 1415 1436 1482 le·

287 1525 378 1607 gunt.
412 1524 484 1605 quis
507 1523 592 1588 enim
615 1526 771 1598 noenum,
796 1522 868 1607 quis
891 1527 1037 1589 uestrum
1060 1542 1121 1588 non
1145 1522 1255 1593 landet
1278 1523 1367 1607 leges
1395 1521 1433 1587 ab
1457 1552 1483 1587 n

286 1629 532 1713 imperatoribus
562 1629 652 1696 datae
681 1628 835 1695 aduersus
863 1628 1017 1694 sacrificia
1044 1633 1259 1715 paganorum?
1296 1633 1330 1694 et
1351 1631 1435 1693 carte

287 1737 382 1821 louge
409 1736 454 1800 ibi
482 1755 584 1818 poena
604 1737 753 1802 seuerior
776 1736 954 1801 constituta
976 1741 1039 1810 est;
1072 1736 1162 1801 illius
1185 1736 1301 1820 quippe
1325 1735 1435 1818 impie·

287 1841 365 1907 tutis
396 1842 533 1924 capitale
565 1842 760 1926 supplicium
793 1844 853 1907 est.
896 1843 934 1908 de
966 1842 1059 1908 uobis
1092 1845 1198 1907 autem
1231 1839 1439 1925 corripiendis

284 1934 384 2031 'acque
413 1947 616 2015 cohercendis
645 1949 755 2014 habita
782 1949 863 2014 ratio
892 1953 950 2027 est,
975 1968 1037 2032 qua
1059 1948 1169 2033 potius
1192 1946 1436 2014 admoneremini

289 2055 327 2119 ab
352 2074 455 2120 errore
478 2054 652 2121 discedere.
672 2074 767 2137 quam
787 2074 843 2138 pro
863 2054 980 2122 scelere
1002 2055 1204 2139 puniremini.
1228 2057 1336 2137 potest
1352 2053 1435 2118 enim
1458 2079 1486 2119 m

289 2162 426 2227 tortame
454 2162 550 2226 etium
580 2161 619 2227 de
647 2162 739 2227 nobis
767 2160 842 2235 diei,
866 2161 952 2246 quod
978 2162 1025 2227 eit
1046 2161 1212 2246 apostolus
1235 2160 1273 2227 de
1296 2158 1437 2225 Iudaeis:

291 2266 588 2333 Testimonium
620 2267 711 2332 illis
744 2266 951 2349 perhibeo,
985 2267 1081 2352 qnia
1112 2251 1241 2332 zelum
1275 2264 1338 2331 dei
1370 2254 1462 2329 ha?

290 2375 386 2439 bent
427 2371 496 2439 eed
536 2393 611 2439 uon
654 2374 875 2453 secundnm
922 2375 1151 2440 scientium.
1197 2375 1438 2459 ignorantes

291 2480 395 2546 enim
428 2477 492 2544 dci
528 2480 739 2545 iustitiam
778 2484 817 2544 et
854 2499 965 2545 suam
1002 2479 1212 2546 iustitiam
1248 2480 1438 2544 uolentes

292 2587 555 2652 constituere
587 2587 783 2651 iustitiae
815 2586 880 2652 dei
908 2606 982 2652 non
1011 2590 1106 2651 sunt
1134 2586 1324 2652 subiecti.
1362 2583 1439 2668 quid
1459 2611 1489 2649 ιο

292 2692 376 2758 enirn
400 2692 487 2758 alind
511 2698 543 2758 et
566 2711 625 2758 uos
649 2712 744 2776 quum
767 2697 906 2759 uestrum
931 2693 1087 2759 iustitiam
1112 2691 1213 2758 uultis
1236 2691 1438 2758 constituere.

292 2797 416 2884 qnando
444 2790 505 2865 non
534 2798 642 2865 dicitis
669 2798 836 2863 iustificari
865 2799 926 2863 nisi
954 2818 1020 2876 eos,
1045 2798 1100 2881 qui
1124 2816 1142 2862 a
1165 2796 1257 2863 uobis
1281 2797 1442 2882 potuerint

291 2905 466 2991 baptizari?
498 2905 530 2970 in
558 2905 618 2971 hac
642 2924 717 2991 ergo
742 2905 919 2988 apostoirca
943 2904 1109 2981 sententia,
1134 2903 1290 2987 quamde
1313 2903 1441 2968 Indaeis

293 3012 437 3095 protulit,
461 3011 521 3077 hoc
549 3011 677 3078 distetis
701 3031 719 3077 a
741 3010 880 3090 Iudaeis,
905 3011 988 3095 quod
1016 3030 1075 3076 nos
1098 3010 1223 3076 habetis
1246 3012 1443 3076 sacramenta

294 3117 484 3197 Christiana,
512 3118 629 3203 quibus
656 3118 705 3182 illi
734 3117 838 3183 adhuc
867 3120 982 3184 curent.
1020 3119 1161 3183 ceterum
1188 3115 1228 3180 ad
1256 3116 1327 3194 hoc,
1356 3113 1441 3198 quod
1460 3144 1491 3184 rs

294 3227 356 3290 ait:
397 3225 643 3310 ignorantes
681 3224 745 3290 dei
781 3224 992 3289 iustitium
1030 3228 1071 3288 et
1106 3241 1216 3289 ouum
1250 3223 1439 3288 uolentes

385 3417 417 3470 17
437 3415 513 3470 Rom
534 3415 575 3478 10.
595 3416 666 3469 2-a

332 3558 425 3628 lpro]
445 3556 524 3611 th
597 3546 810 3625 regisilliueli
875 3556 971 3623 ipro]
991 3572 1007 3608 a
1026 3554 1052 3607 L
1114 3556 1229 3611 derant
1250 3552 1298 3605 GL
1361 3554 1442 3620 5nel

295 3652 322 3701 ct
340 3661 374 3701 ne
394 3645 421 3699 P
499 3646 557 3700 sint
574 3661 640 3699 oues
659 3644 840 3713 christipeint
859 3648 943 3712 (poet.
962 3644 1019 3697 sint
1037 3649 1109 3712 exp.)
1129 3641 1167 3695 M
1244 3641 1278 3695 ad
1298 3656 1389 3711 regem
1407 3639 1445 3694 M

294 3735 457 3792 dictitaret
529 3736 594 3788 sunt
610 3732 637 3787 L
690 3732 856 3787 'i'coherciti
873 3731 900 3785 L
972 3730 1141 3800 damnorum]
1161 3728 1337 3801 darnpnomm
1354 3728 1466 3791 trihu,

293 3825 397 3879 latione
413 3822 437 3877 L
456 3822 515 3877 cdd.
530 3828 679 3891 proriam
752 3825 937 3887 emoueantnr,
955 3823 1021 3873 Μ
1039 3819 1236 3874 &moneantur
1252 3817 1289 3872 Μ
1341 3815 1444 3887 equid

296 3920 323 3969 et
343 3929 425 3983 quare
444 3910 497 3965 PL
515 3910 589 3965 edd·
649 3926 797 3981 proponere
811 3908 874 3963 Mc
927 3910 960 3963 12
978 3908 1017 3963 ibi
1031 3924 1087 3963 roe.
1103 3924 1136 3961 ex
1150 3906 1238 3961 uhiP
1307 3905 1443 3977 impietae,

295 4000 577 4071 nassimpietatisM
626 4000 659 4054 la
679 3999 820 4059 antemio
832 3998 938 4069 finees.
957 3999 1050 4051 cred
1103 3999 1135 4050 14
1156 3994 1282 4063 ouoedd.
1297 3999 1445 4064 praetera

332 4089 542 4145 admoneremini
561 4090 653 4160 potius
671 4088 698 4153 L
736 4087 768 4141 19
787 4103 864 4141 suurn
883 4086 1028 4154 iustitiam]
1048 4101 1121 4139 suam
1142 4083 1196 4137 RL
1215 4083 1274 4137 edd.
1293 4099 1343 4141 nec.
1363 4080 1443 4151 Vodg.

295 4183 330 4235 2⁴2
344 4184 492 4252 potuerunt
505 4179 682 4248 M.(panctia
700 4193 769 4232 corr.
789 4176 939 4246 potuerint)
954 4174 1008 4227 AL
1026 4173 1085 4227 edd.
1100 4178 1248 4242 prosterne
1305 4172 1339 4225 25
1353 4169 1444 4225 adhuc

297 4268 379 4325 illiL
434 4270 469 4324 26
488 4269 573 4334 ait<n
593 4282 700 4321 excae.
719 4265 844 4332 eicon.)
863 4262 897 4316 M
