3309 4867
295 336 368 432 ¹582
566 423 569 429 ,
659 364 685 418 S.
715 365 852 419 Aureli
880 364 1099 435 Augustini

838 557 919 626 orl.

304 696 452 754 Domo
476 695 608 753 sumo
634 695 850 761 MERITOQUE
877 693 1108 753 numeremur
1132 698 1178 756 Ac
1206 699 1451 759 suscn’mrmo

375 784 508 842 FRATRI
527 784 712 842 declamo
731 784 964 842 AUGUSTINUS
983 786 1024 841 IN
1042 785 1189 844 somno
1207 788 1386 846 SALUTEH.

248 897 290 962 ll
348 911 426 996 Legi
456 911 580 977 litteras
612 911 819 997 benignitatis
847 916 932 989 tuae,
965 911 1082 994 quibus
1109 913 1188 979 mibi
1218 915 1315 1001 louge
1341 918 1454 999 postea

303 1015 508 1102 respondisti,
544 1036 639 1101 quam
675 1037 763 1083 meas
802 1017 842 1083 ad
877 1022 910 1084 te
942 1017 1141 1102 perferendas
1173 1019 1256 1086 dedi.
1288 1040 1362 1086 nam
1394 1040 1452 1106 ogo
1484 1047 1500 1087 s

303 1124 536 1216 rescripseram,
576 1143 647 1189 cum
681 1123 785 1189 adhue
817 1124 984 1191 uobiscum
1017 1128 1105 1192 esset
1135 1145 1235 1211 neque
1268 1127 1455 1213 nauigasset

304 1232 434 1296 sanetus
466 1229 562 1295 irater
593 1233 627 1295 et
657 1232 868 1314 eoepiscopus
901 1250 992 1297 meus
1024 1231 1206 1309 Possidius;
1243 1234 1302 1300 has
1335 1238 1452 1311 autem,

305 1354 384 1421 quas
422 1336 483 1402 mei
517 1354 613 1402 eausa
648 1336 696 1402 illi
734 1321 883 1421 diguatus
921 1356 955 1402 es
992 1336 1133 1416 reddere,
1166 1339 1272 1424 accepi
1306 1339 1351 1406 VI
1380 1340 1453 1406 Kal.

303 1442 423 1526 Aprilis
451 1446 526 1527 post
553 1461 679 1508 meuses
706 1443 806 1508 ferme
834 1445 917 1520 osto,
946 1462 1042 1526 quem
1070 1444 1269 1528 scripseram.
1297 1464 1354 1511 our
1379 1466 1453 1530 ergo

305 1548 346 1614 ad
368 1551 400 1614 te
424 1551 489 1614 mm
513 1567 583 1615 sero
607 1567 678 1614 mea
699 1550 820 1633 scripta
842 1549 1044 1633 perueneriut
1066 1551 1184 1616 autad
1206 1570 1257 1617 me
1280 1555 1348 1633 tua,
1370 1571 1453 1637 pror·
1472 1577 1500 1617 n

306 1673 361 1720 sus
381 1655 502 1739 ignoro,
516 1654 579 1721 uisi
599 1655 679 1721 lorte
697 1655 792 1722 modo
812 1648 983 1722 rescribere
996 1656 1182 1740 prudentiss
1195 1661 1271 1724 tuae
1288 1659 1453 1743 placuerit,

305 1760 391 1845 qnod
418 1761 521 1828 faeere
543 1764 621 1827 'auis
649 1765 894 1846 assumpseras.
927 1762 987 1828 hoe
1016 1762 1044 1828 si
1072 1764 1119 1828 ita
1146 1767 1205 1842 est,
1237 1765 1345 1843 miror,
1371 1765 1454 1830 unde

306 1867 358 1932 sit.
387 1886 425 1932 an
449 1867 569 1951 aliquid
597 1866 726 1944 audisti,
756 1868 841 1951 quod
865 1888 923 1934 uos
947 1868 1052 1936 adhuo
1078 1871 1168 1948 latet,
1195 1870 1326 1937 matrem
1347 1890 1453 1938 meum

306 1974 490 2040 Possidium
513 1973 668 2040 aduersus
692 1975 780 2040 oiues
805 1979 889 2052 tuos,
914 1994 994 2059 quos
1017 2013 1060 2022 -
1082 1994 1161 2060 pace
1182 1980 1240 2044 tua
1257 1977 1388 2044 dixerim
1412 2015 1451 2027 -

305 2082 410 2147 multo
429 2081 590 2147 salubrius
610 2081 716 2166 diligit
733 2081 803 2163 ipss
827 2100 923 2164 quam
946 2085 992 2160 tu,
1017 2101 1079 2165 quo
1097 2084 1277 2169 plectantur
1301 2083 1453 2161 seuerius,
1472 2108 1499 2148 n

306 2190 515 2272 impetrasse?
539 2207 611 2253 nam
635 2187 695 2253 hoo
718 2191 750 2252 et
774 2186 913 2271 epistula
935 2192 992 2253 tua
1014 2191 1047 2254 te
1069 2185 1211 2256 metuere
1233 2190 1362 2268 indicat,
1381 2209 1452 2256 oum

308 2294 469 2374 admones,
498 2298 535 2360 ut
566 2293 644 2359 mihi
681 2298 753 2358 aute
791 2292 901 2360 oculos
939 2295 1143 2375 constituam,
1177 2297 1280 2380 qualis
1315 2295 1372 2362 illa
1402 2297 1455 2370 ‘sit

307 2401 430 2484 speeies
458 2399 611 2478 ciuitatis,
641 2419 676 2465 er
704 2420 768 2484 qua
801 2399 841 2465 ad
864 2400 1058 2485 supplicium
1082 2401 1219 2469 ducendi
1240 2402 1454 2481 armabuntur,

308 2525 388 2590 quae
407 2507 450 2572 sit
467 2511 616 2585 matrum,
636 2526 715 2591 quae
739 2506 922 2591 coniugum,
943 2526 1024 2592 quae
1047 2507 1229 2588 liberorum,
1248 2529 1329 2592 quas
1347 2529 1454 2594 pareu-

307 2616 377 2677 tum
400 2612 596 2692 lamentatio,
621 2632 683 2695 quo
707 2612 827 2695 pudore
851 2614 890 2679 ad
910 2615 1043 2697 patriam
1062 2615 1170 2680 uenire
1188 2616 1315 2698 possint
1330 2615 1455 2682 liberati
1471 2640 1500 2679 so

308 2719 365 2786 sed
400 2719 487 2797 torti,
529 2737 610 2802 quos
646 2724 778 2783 renouat
815 2719 939 2786 dolores
976 2724 1032 2785 aut
1073 2722 1214 2806 gemitus
1245 2721 1454 2789 consideratio

307 2826 477 2891 uulnerum
509 2829 542 2890 st
573 2824 780 2890 cicatricum.²
806 2825 901 2904 absit,
924 2829 971 2902 ut,
994 2827 1057 2891 ista
1080 2827 1456 2915 cuiquaminimieorum

308 2936 488 2998 nostrorum
530 2932 584 2997 uel
624 2936 686 3014 per
719 2950 778 2996 uos
820 2933 873 2997 uel
914 2951 970 3016 per
1015 2950 1207 3016 quemquam
1250 2934 1336 3018 quod
1370 2933 1456 3018 iuge

309 3044 428 3115 rantur,
460 3037 633 3112 insterilem
666 3035 732 3113 sed,
766 3039 804 3102 ut
832 3036 904 3116 diri,
938 3037 966 3102 si
998 3037 1119 3122 aliquid
1146 3041 1210 3105 tale
1242 3039 1284 3104 ad
1309 3042 1342 3106 te
1373 3039 1457 3104 fama

307 3144 451 3227 pertulit,
491 3142 631 3226 apertius
665 3142 813 3222 edissere,
851 3149 889 3208 ut
924 3144 1117 3223 uouerimus,
1154 3146 1208 3212 uel
1239 3146 1316 3229 quid
1353 3163 1455 3230 agere,
1474 3170 1500 3210 ss

309 3269 348 3316 ne
390 3250 454 3315 ista
493 3250 579 3328 fiant,
622 3249 676 3314 uel
712 3249 789 3332 quid
826 3249 905 3315 haee
942 3249 1144 3317 credentibus
1180 3252 1369 3336 respondere
1405 3251 1457 3330 de·

311 3356 454 3422 beamus.

265 3470 300 3530 .2
355 3463 490 3527 Litteras
520 3481 606 3527 meas
633 3445 740 3545 potius
769 3463 902 3540 intuere,
932 3463 1048 3547 quibus
1076 3471 1109 3527 te
1136 3464 1309 3530 rescribere
1336 3463 1455 3549 piguit:

311 3569 377 3632 illic
411 3569 493 3634 euim
527 3569 606 3633 satis
639 3570 779 3650 expressi
812 3569 952 3635 animum
985 3573 1139 3636 nostrum.
1174 3571 1239 3650 sed,
1272 3575 1310 3636 ut
1337 3572 1455 3654 opinor,

401 3795 506 3850 17-22
525 3820 559 3843 =
578 3812 604 3866 p.
624 3795 685 3858 581,
704 3796 793 3851 9-13

401 3919 477 3973 Idm
496 3920 607 3985 codices,
627 3921 725 3988 quiin
743 3937 783 3990 ep.
807 3920 892 3977 CIII.

400 4042 593 4098 Louonienses
610 4042 684 4097 bone
707 4044 856 4113 epistolam
873 4045 905 4098 ἐπ
928 4043 1075 4100 Vaticanis
1097 4044 1301 4116 wensplnsa'lres
1323 4048 1457 4113 reportans

308 4126 397 4201 primi
415 4129 566 4186 sommo.

349 4256 366 4308 2
384 4255 555 4325 suspiciendo
579 4255 603 4308 V
659 4249 692 4311 lb
710 4257 763 4311 iam
788 4255 814 4310 U
868 4260 900 4313 lo
921 4275 981 4312 nam
1002 4261 1031 4312 et
1047 4257 1100 4312 boo
1118 4258 1235 4328 epistola
1252 4261 1301 4311 tua
1318 4257 1369 4311 hoc
1386 4255 1461 4314 tel]
