3309 4867
305 287 368 353 :378
665 290 691 344 S.
721 289 860 345 Aureli
886 292 1105 361 Augustini

252 475 305 539 265*
350 476 442 559 Quod
474 483 581 546 autem
614 481 678 547 dixi
710 501 783 547 eum
810 482 931 548 factum
958 478 1087 549 Iudaeis
1116 486 1278 567 tamquam
1301 484 1451 549 Iudaeum

304 589 337 650 et
367 588 530 669 tamquam
557 586 561 591 ”
568 587 720 672 gentilem
758 587 932 673 geufflibun
968 608 1030 653 uon
1068 590 1251 657 mentientis
1288 594 1362 656 astu
1398 591 1452 656 sed

305 693 527 775 compatientis
559 693 687 774 affectu,
720 695 887 778 quemad
914 695 1046 761 modum
1075 694 1217 774 dixerim,
1241 717 1351 781 parum
1375 698 1453 762 mihi
1494 740 1496 745 .

304 798 395 864 uisus
424 818 459 864 es
487 799 678 879 adtendisse,
707 802 806 867 immo
834 820 894 886 ego
921 802 1057 869 fortasse
1080 822 1141 869 non
1165 804 1245 870 satis
1267 802 1329 869 boc
1352 804 1452 888 expla-

304 923 377 970 nare
399 906 568 990 potuerim.
592 922 694 990 neque
718 908 803 973 enim
826 909 886 975 hoc
909 908 981 974 ideo
1005 908 1079 987 dixi,
1103 910 1188 993 qued
1210 908 1454 976 misericorditer
1480 934 1492 973 ι

303 1010 361 1076 illa
384 1011 593 1092 simulauerit,
618 1013 675 1079 sed
699 1014 774 1098 quia
796 1013 844 1079 sic
867 1033 905 1080 oa
926 1034 987 1080 uon
1012 1014 1188 1093 simulauit,
1212 1033 1293 1099 quae
1320 1014 1454 1082 faciebat

287 1116 425 1183 cimilia·
458 1117 728 1204 Iudaeie,=quem
765 1120 805 1187 ad
842 1121 973 1192 modum
1010 1140 1068 1188 nec
1103 1121 1170 1199 illa,
1207 1140 1288 1205 quae
1319 1106 1455 1187 faciebat

306 1222 425 1290 similia
450 1225 610 1309 gentibus,
639 1245 720 1309 quae
748 1231 785 1293 tu
813 1246 938 1311 quoque
966 1228 1223 1294 commemorasti
1245 1228 1341 1311 atque
1363 1228 1396 1293 iu
1419 1245 1453 1292 ao

305 1338 366 1408 me,
399 1330 483 1414 quod
516 1350 578 1397 uon
604 1333 735 1419 ingrate
767 1333 879 1411 fateor,
912 1333 1077 1400 adiuuisti.
1113 1330 1188 1400 cum
1222 1334 1307 1400 euim
1340 1332 1396 1399 abs
1424 1336 1455 1398 te

306 1436 503 1518 quaesissem
534 1439 566 1504 in
599 1440 737 1524 epistula
768 1458 850 1518 mea,
883 1430 945 1524 quo
974 1440 1069 1507 modo
1097 1444 1231 1524 putetur
1254 1439 1328 1506 ideo
1351 1438 1496 1509 factuam

306 1542 432 1610 Iudaeis
453 1547 618 1628 tamquam
640 1546 791 1625 Iudaeus,
815 1547 890 1631 quia
913 1545 1070 1615 fallaciter
1093 1548 1238 1632 suscepit
1261 1550 1456 1614 sacramenta

305 1650 505 1729 Iudacomm,
529 1670 603 1717 cum
627 1656 660 1719 et
671 1653 832 1739 rgentibus
855 1657 1018 1736 tamquam
1042 1653 1171 1738 gentilis
1194 1652 1301 1720 factus
1329 1653 1373 1718 sit
1399 1672 1456 1719 uec

305 1764 411 1825 tamen
443 1758 621 1842 susceperit
652 1759 809 1826 fallaciter
842 1760 1011 1834 sacrificia*
1024 1748 1178 1845 gentium,
1207 1763 1244 1824 tu
1266 1757 1457 1842 respondisti

304 1866 337 1930 in
370 1883 407 1931 eo
438 1863 560 1930 factunm
593 1865 741 1951 gentibue
773 1869 936 1950 tamquam
962 1865 1124 1952 gentilem,
1148 1865 1233 1948 quod
1256 1849 1455 1950 praeputium

304 1971 468 2055 receperit,
514 1972 600 2055 quod
640 1972 855 2039 indifferenter
893 1971 1076 2055 permiserit
1116 1965 1204 2038 uesci
1245 1971 1337 2049 cibis,
1378 1988 1456 2055 quos
1474 1998 1497 2036 ιι

305 2076 455 2143 damnant
488 2078 609 2147 Iudaei.
646 2078 702 2143 ubi
739 2096 799 2162 ego
837 2096 964 2162 quaem,
1001 2085 1109 2143 utrum
1147 2081 1180 2143 et
1216 2077 1277 2144 hoc
1309 2076 1457 2143 simulate

305 2181 425 2261 fecerit,
458 2183 542 2264 quod
574 2183 602 2248 si
640 2182 905 2255 absurdissimum
937 2187 1033 2268 atque
1064 2182 1276 2251 falsissimum
1314 2186 1374 2259 est,
1411 2183 1457 2248 sic

306 2307 380 2373 ergo
409 2291 443 2354 et
468 2289 534 2367 illa,
562 2288 595 2353 iu
628 2289 744 2373 quibus
772 2289 962 2355 Iudaeomm
995 2289 1220 2356 consuetudini
1252 2286 1456 2375 congruebat

305 2395 452 2461 libertate
474 2394 633 2478 prudenti,
657 2415 718 2462 nou
742 2395 933 2461 necessitate
958 2395 1067 2461 seruili
1091 2399 1156 2474 au't,
1180 2394 1341 2480 quodest
1356 2393 1457 2479 iudig-

275 2575 278 2581 ‚
306 2501 389 2579 nius,
413 2501 649 2584 dispensatione
671 2501 780 2568 fallaci
802 2502 912 2585 potius
936 2521 1032 2586 quarn
1055 2501 1151 2568 fideli.
1347 2490 1350 2496 ’
1472 2529 1497 2570 ro

254 2602 294 2665 27
350 2606 513 2674 Fidelibus
547 2607 630 2673 enim
663 2612 695 2674 et
727 2608 790 2683 bis,
822 2609 878 2692 qui
910 2612 1130 2693 cognoueruut
1161 2606 1340 2684 ueritatem,
1374 2607 1458 2674 sicut

306 2713 375 2795 ipso
405 2717 552 2792 testatur,
575 2714 637 2779 nisi
664 2714 747 2781 forte
775 2718 808 2780 et
834 2714 887 2780 bic
910 2714 1004 2791 fallit,
1037 2713 1156 2779 omnis
1190 2716 1365 2781 creatura
1398 2701 1455 2780 dei

307 2820 403 2886 frona
430 2823 553 2887 estet
584 2820 682 2887 nihil
715 2820 967 2897 abiciendum,
1002 2820 1099 2904 quod
1133 2841 1214 2887 curn
1249 2823 1455 2907 gratiarum

306 2925 455 2993 actione
492 2925 691 3008 accipitur.
731 2944 805 3010 ergo
839 2928 873 2991 et
903 2926 967 3010 ipsi
999 2925 1112 3003 Paulo,
1144 2946 1206 2992 uon
1245 2928 1349 2994 solum
1388 2928 1455 2992 uiro

396 3168 465 3225 1-3
485 3168 517 3223 cf.
536 3186 564 3238 p.
583 3170 626 3231 77,
647 3170 717 3223 1-6
794 3169 865 3223 8-5
885 3168 919 3223 cf.
937 3187 964 3239 p.
985 3169 1046 3234 313,
1067 3168 1236 3233 14-314.2
1281 3170 1454 3224 ,9-13ο1.

307 3258 565 3327 p.76‚12-77,2
622 3257 727 3312 lli-lb
747 3256 780 3310 of.
800 3273 826 3327 p.
846 3257 907 3321 314,
928 3256 998 3311 7-9
1053 3256 1324 3317 baldinius

342 3380 507 3452 igentibua
527 3380 562 3433 Μ
633 3384 695 3435 actu
715 3379 741 3433 P
820 3382 943 3450 tueque
963 3381 1035 3434 enirn
1054 3394 1105 3436 ooo.
1125 3378 1162 3435 Ρι
1236 3378 1300 3441 dixi,
1319 3384 1384 3434 nr.2
1403 3398 1454 3434 nou

306 3470 360 3524 dixi
378 3469 416 3525 P¹
470 3467 678 3523 dsimulaberit
697 3469 732 3523 Η
784 3469 858 3539 quia]
878 3468 956 3541 qusai
974 3467 1012 3522 M
1063 3485 1116 3526 non
1137 3484 1170 3523 ea
1188 3468 1318 3537 Pslrm
1372 3468 1454 3522 aimu-

305 3558 376 3613 labit
393 3558 426 3612 H
488 3556 771 3613 iludaeia-aimilia
789 3573 841 3611 ora.
860 3557 911 3611 Hl
978 3555 1103 3626 Sadque
1121 3555 1155 3610 Η
1221 3556 1458 3611 9adiubisfiH1

308 3648 337 3702 11
359 3646 486 3716 Iudaeus]
511 3645 600 3700 iudeis
617 3646 656 3701 Μ
761 3650 932 3701 sacramenta
954 3645 1076 3716 suscepit
1095 3645 1131 3699 M
1236 3648 1405 3700 sacramento
1423 3645 1456 3699 H

308 3738 340 3791 12
358 3734 467 3794 iudeurn
486 3735 518 3790 Η
587 3736 619 3790 13
638 3735 759 3804 suscepit
777 3733 838 3790 cdd.
911 3734 1046 3789 fallaciter
1064 3750 1115 3787 om.
1135 3736 1161 3787 Α
1233 3735 1265 3789 15
1284 3733 1412 3803 reciperit
1428 3733 1456 3788 P

307 3824 442 3895 acceperit
461 3824 494 3877 H
510 3823 646 3877 feceritl
694 3824 726 3878 16
746 3840 797 3893 ego
816 3839 868 3878 our.
887 3823 915 3877 R
954 3821 1362 3893 ⁰17adqueHestatqueI
1413 3828 1454 3877 est

226 3912 229 3917 ’
306 3930 356 3968 om,
376 3912 428 3967 HI
513 3913 563 3981 uic]
584 3912 647 3966 eil
718 3913 750 3966 18
770 3916 798 3965 et
817 3913 846 3966 in
865 3912 913 3966 illa
933 3913 960 3964 iu
980 3911 1079 3981 quibua
1098 3911 1125 3966 Ρ
1194 3913 1226 3965 19
1241 3918 1306 3979 poet
1325 3911 1454 3981 prudenti

307 4005 370 4056 ua2
388 4000 453 4056 adri.
474 4000 630 4055 celebrabat
649 4000 686 4054 1²¹
752 4000 787 4055 20
801 4007 867 4069 port
887 4000 979 4054 fallaci
997 4017 1054 4053 rar.
1074 4002 1150 4052 2-3
1170 4002 1187 4053 l.
1207 4000 1234 4053 P
1293 4001 1334 4054 21,
1347 4000 1375 4053 iri
1393 3999 1455 4054 Pl!

307 4094 382 4144 un2
399 4089 454 4157 hie)
474 4092 500 4143 Δ
519 4089 553 4144 iis
572 4090 643 4143 lrra
697 4089 884 4158 cognoberunt
897 4087 930 4141 H
947 4092 1151 4158 cognouejrum
1170 4088 1252 4155 (sict)
1267 4088 1295 4141 P
1341 4090 1376 4142 ‘24
1390 4088 1453 4142 bor·

307 4181 379 4234 tione
398 4179 432 4232 Η
500 4179 649 4249 precipitur
667 4176 701 4231 H
716 4177 867 4247 percipitur
886 4178 903 4230 1
975 4176 1043 4246 uiro]
1062 4193 1126 4231 uero
1145 4177 1194 4231 HI
