3309 4867
620 381 886 452 epistularum
915 379 969 436 GV.
1264 403 1266 406 ·
1301 388 1365 459 603

222 593 317 659 quam
340 574 442 640 omnis
472 575 585 642 doctus
615 580 648 639 et
668 562 817 641 indoctus
840 575 1000 661 intellegit
1022 580 1270 662 praeponendam
1295 599 1365 646 asse

222 681 408 761 discordiae,
423 674 593 765 diligamus
606 685 822 757 et‘tsneamus
842 682 1008 752 animum.
1028 684 1088 750 hoo
1106 685 1217 752 iubent
1233 686 1366 771 impera·

221 793 316 864 tores,
344 787 429 871 quod
455 788 545 854 iuhet
567 785 600 853 et
623 787 779 866 Christus,
808 788 892 871 quia,
921 806 995 854 cum
1021 788 1139 855 honum
1163 792 1284 869 iubent,
1310 811 1366 876 per

220 893 293 962 illos
326 914 388 961 non
419 894 511 960 iubet
540 895 603 960 nisi
632 895 790 963 Christus.
823 899 857 960 et
887 915 946 961 nos
974 891 1069 962 etiam
1101 917 1158 980 per
1185 898 1363 983 apostolum

193 1002 376 1078 sohsecrst,
407 1004 445 1066 ut
471 1000 503 1065 id
530 1001 637 1083 ipsum
666 1000 810 1066 dicemus
839 1021 949 1068 omnes
977 1006 1010 1067 et
1036 1022 1096 1068 non
1124 1004 1247 1070 sintin
1275 1003 1365 1070 nohis

220 1108 391 1173 schismata
418 1126 520 1192 nequo
543 1107 703 1173 dicamus:
732 1107 812 1191 Ilgo
837 1107 998 1190 quidem
1028 1128 1112 1175 snm
1135 1110 1264 1187 Pauli,
1293 1128 1364 1194 ego

221 1218 354 1278 autam
373 1213 530 1294 Apollo,
554 1233 626 1298 ego
648 1233 747 1279 uero
767 1212 937 1298 Orphae,
956 1233 1027 1300 ego
1048 1221 1180 1282 autem
1201 1215 1363 1293 Christi,

219 1319 276 1384 sed
307 1304 404 1384 simral
433 1338 543 1385 omnes
575 1340 637 1385 non
670 1321 771 1385 simus
798 1321 863 1386 nisi
891 1320 1021 1398 Christi,
1054 1324 1130 1406 quia
1155 1343 1213 1389 neo
1240 1323 1364 1389 diuisus

219 1430 269 1490 est
300 1424 446 1491 Christus
484 1444 540 1490 nec
571 1426 692 1492 Paulus
725 1427 894 1493 crucifixas
926 1430 978 1493 ast
1012 1448 1069 1511 pro
1105 1429 1209 1506 nohis,
1246 1432 1363 1513 quanto

173 1562 200 1602 no
218 1533 323 1596 minus
342 1532 502 1597 Donatus!
526 1551 584 1596 nec
608 1534 639 1598 iu
663 1532 790 1598 nomine
810 1531 901 1598 Pauli
922 1532 1075 1616 baptisati
1098 1553 1221 1613 mmua,
1246 1536 1363 1617 quanto

217 1638 322 1702 minus
350 1639 381 1702 in
406 1638 537 1703 Donati!
566 1639 626 1704 hoo
650 1639 763 1704 dicunt
789 1643 823 1704 et
849 1631 1067 1724 impemtores,
1095 1641 1170 1723 quia
1193 1639 1363 1706 Christiani

218 1744 367 1812 catholici
390 1749 476 1822 sunt,
504 1764 564 1810 noa
589 1744 748 1811 idolorum
767 1744 856 1810 sorni
884 1745 970 1811 sicut
988 1751 1099 1812 uester
1120 1747 1275 1826 lulianus,
1302 1767 1363 1814 non

217 1850 377 1929 haeretici,
405 1851 490 1917 siout
512 1851 642 1933 quidam
669 1840 798 1917 fuerunt
820 1853 854 1916 et
881 1851 1068 1917 catholicam
1096 1854 1254 1935 persecuti
1278 1859 1362 1930 sunt,

217 1957 340 2039 quarrdo
363 1958 429 2022 ueri
449 1955 621 2023 Christiani
644 1977 705 2023 non
727 1943 784 2040 pro
808 1957 966 2023 haeretico
990 1975 1092 2024 errore
1114 1978 1232 2042 poenas
1254 1959 1362 2023 iustis-

171 2092 197 2130 aa
217 2063 314 2128 simas
342 2064 427 2128 sicut
454 2082 512 2129 uos
541 2064 597 2129 sed
624 2082 682 2147 pro
709 2063 867 2129 catholica
896 2063 1028 2129 ueritate
1054 2066 1220 2144 passiones
1247 2065 1362 2151 glorio-

216 2172 360 2236 sissimus
383 2172 591 2255 pertulerunt.

125 2270 168 2334 12
259 2276 441 2356 adtendite,
464 2297 569 2361 quam
592 2277 855 2343 manifestissima
887 2277 1023 2343 ueritate
1053 2297 1110 2362 per
1140 2298 1208 2344 cor
1240 2279 1360 2364 regis,
1436 2367 1437 2370 Ἴ

216 2383 301 2466 quod
330 2383 367 2447 in
390 2400 506 2448 manu
529 2382 593 2448 dei
617 2385 690 2459 est,
717 2383 787 2467 ipae
809 2382 890 2449 deus
913 2382 1026 2450 dixerit
1046 2385 1078 2449 in
1101 2384 1166 2451 ista
1186 2385 1258 2468 ipsa
1279 2387 1360 2471 lege,

216 2482 309 2573 quam
335 2496 443 2554 contra
470 2507 529 2556 uos
557 2490 711 2573 prolatam
735 2488 853 2566 dicitis,
882 2494 933 2554 est
955 2493 1073 2567 autem,
1100 2491 1129 2556 si
1156 2491 1360 2576 intellegatis,

169 2625 198 2665 ao
215 2596 337 2680 prolata
362 2615 419 2680 pro
446 2596 555 2671 aohis3
587 2594 760 2673 adtendite,
793 2594 870 2679 quid
902 2594 1039 2662 habeant
1064 2597 1163 2663 uerba
1194 2597 1358 2681 principis:

214 2702 306 2768 ‘Nam
329 2703 356 2768 si
378 2703 411 2768 in
441 2702 499 2782 eis,
522 2703 578 2792 qui
600 2702 702 2786 primo
724 2702 843 2768 initiati
866 2706 951 2780 sunt,
974 2702 1092 2769 idcirco
1110 2704 1223 2788 religio
1243 2703 1360 2785 haptis·

214 2810 309 2892 matis
335 2809 495 2875 iudicatur
524 2808 658 2886 infirma,
687 2807 771 2893 qnod
798 2808 843 2887 hi,
873 2828 892 2875 a
919 2808 1036 2892 quibua
1064 2809 1228 2894 accipitur,
1250 2827 1358 2893 pecca-

213 2923 299 2981 tores
327 2918 488 3000 putentur,
516 2915 635 2981 totiens
661 2915 807 2981 renouari
834 2932 965 2981 necesse
991 2914 1052 2988 erit
1076 2915 1229 2983 traditum
1256 2932 1357 2980 sacra·

213 3025 367 3099 mentum,
390 3022 537 3104 quodiana
559 3020 711 3106 indiguus
728 3019 826 3094 tuerit
848 3020 997 3086 inuentus
1016 3022 1134 3087 conlati
1155 3019 1356 3104 baptismatis

167 3155 194 3196 ac
213 3127 406 3208 administer,
434 3131 468 3194 et
493 3127 573 3193 fides
600 3130 709 3193 nostra
730 3145 793 3192 non
815 3146 852 3193 ex
879 3130 1005 3193 noemae
1027 3127 1204 3193 uoluntatis
1227 3125 1355 3197 arbitrio

211 3253 312 3319 neque
335 3253 371 3300 ex
394 3233 494 3301 diuini
515 3234 656 3299 muneris
684 3233 786 3318 gratia
813 3233 868 3298 ssd
892 3253 929 3299 ax
956 3233 1078 3299 meritis
1100 3232 1300 3300 sacerdotum
1323 3236 1360 3297 et,

210 3339 397 3411 clericorum
420 3339 576 3424 qualitate
602 3335 773 3424 pendebit.
800 3340 921 3405 faciant
945 3339 1033 3407 mille
1057 3340 1192 3407 concilia
1213 3340 1353 3427 episcopi

296 3584 346 3639 41
366 3583 403 3640 Ce
446 3586 471 3653 1,
491 3586 536 3649 ro;
558 3585 681 3645 12-13,
719 3585 751 3640 17
770 3584 850 3640 Pron
870 3586 913 3647 21,
935 3588 948 3641 1

243 3740 559 3813 lpraeponenda,nr,2
578 3761 615 3782 ’ν
634 3742 797 3812 upana
885 3742 1350 3816 tehristnsniaisiqoisoorr.1’

240 3831 332 3900 aplom
351 3843 378 3895 to
397 3848 457 3900 exp.
476 3848 510 3885 nr.
521 3835 549 3895 1)
569 3830 605 3885 Μ
657 3832 1096 3898 commodaremus*
1170 3835 1199 3888 in
1217 3833 1295 3889 uobis
1313 3835 1350 3888 Μ

205 3918 368 3988 laepheM
413 3908 572 3975 domuel?
620 3921 1350 3990 llimperatoreswoat.eaeon.rs.utrss‘d.1)F

205 4008 238 4060 12
256 4012 321 4061 sunt
338 4024 390 4063 oss.
409 4009 435 4061 A
480 4009 513 4063 la
532 4008 688 4079 quidem]
741 4012 770 4062 et
788 4009 931 4063 ecclesiam
950 4009 1110 4065 catholicam
1128 4011 1189 4066 cdd
1234 4012 1267 4067 15
1285 4013 1344 4080 glo·

201 4094 363 4156 riosissima,
375 4097 442 4151 ont
464 4097 672 4166 gloriosissimas
690 4097 718 4153 P
805 4097 841 4151 20
865 4096 967 4152 haheat
988 4096 1073 4153 uerba
1088 4100 1220 4171 principis
1237 4117 1298 4155 narn
1318 4102 1344 4155 A

201 4182 302 4237 habeat
319 4201 379 4237 uam
400 4184 482 4239 uerba
493 4184 666 4255 principisR
710 4186 888 4254 ttiiflrsr
932 4186 1094 4242 ticonlatis
1108 4192 1133 4254 (s
1147 4204 1206 4258 cap.
1220 4206 1255 4244 aa.
1266 4190 1345 4255 2lM

201 4267 235 4327 25
255 4269 458 4326 administrator
475 4273 503 4327 P
520 4273 579 4328 edd.
635 4275 669 4328 27
689 4274 796 4330 concilii
815 4273 846 4328 F
