3309 4867
599 363 865 468 epistularum
892 399 987 453 narr.
1014 399 1094 454 uxr.
1352 405 1418 468 233

271 591 343 654 eaui
371 589 480 657 diuino
508 591 592 674 apud
616 612 651 658 se
674 592 895 659 commendato
919 594 1146 671 interuenisse,
1170 595 1217 661 ita
1240 605 1275 662 ut
1297 597 1418 663 nullam

271 695 345 761 inde
376 701 488 781 posset
518 699 714 781 probabilem
746 700 876 766 reddero
907 701 1070 768 rationem.
1108 703 1220 769 deinde
1252 704 1419 770 conuictus

273 804 369 887 atque
401 804 568 873 oonleasus
601 809 651 872 est
682 806 733 872 die
765 807 875 873 ieiunii
907 809 1022 873 natalis
1055 809 1184 890 domini,
1222 829 1284 893 quo
1322 810 1419 874 etiam

274 907 447 994 Gippitana
478 913 613 980 ecelesia
645 914 731 979 siout
762 918 883 981 ceterae
920 912 1110 993 ieiunaba'ut
1147 897 1221 982 oum
1256 921 1418 998 tamquam

243 1020 474 1097 sperreoturus
505 1017 545 1083 ad
577 1019 744 1085 eeclesiam
777 1039 868 1086 suam
901 1021 993 1087 ‘uolo’
1025 1021 1157 1087 feoisset
1187 1022 1327 1107 collegae
1360 1040 1419 1087 sue

274 1121 458 1205 presbytero
495 1120 678 1209 Gippitano,
715 1125 792 1194 hora
827 1126 926 1193 ferme
953 1110 1088 1211 ‘quinta
1126 1130 1159 1193 et
1196 1147 1269 1192 oum
1311 1147 1424 1197 seeum

275 1227 398 1296 nullum
430 1229 581 1295 clericum
613 1232 754 1312 haberet,
782 1233 814 1297 in
843 1232 955 1309 eodem
982 1233 1078 1300 tundo
1101 1234 1260 1300 restitisse
1283 1239 1316 1300 et
1338 1233 1422 1319 apud

276 1336 431 1418 quandam
464 1337 567 1404 mulae
597 1339 701 1408 famae
733 1341 900 1406 mulierem
929 1348 962 1406 et
988 1341 1152 1424 prandisse
1181 1344 1213 1406 et
1239 1360 1367 1407 oenaese
1390 1344 1423 1405 et

274 1442 308 1507 in
348 1443 469 1510 eadem·
497 1443 593 1512 donno
628 1447 795 1518 mansisse.
837 1450 869 1513 in
905 1448 1002 1514 buius
1038 1453 1145 1514 autem
1184 1448 1321 1532 hospitio
1358 1446 1422 1512 iam

230 1575 258 1616 ιο
276 1547 404 1632 quidam
436 1549 572 1616 elerieus
604 1556 714 1619 noster
744 1552 973 1637 Hipponiensis
1004 1560 1146 1620 remotus
1180 1557 1260 1629 erat;
1298 1557 1331 1620 et
1363 1552 1423 1619 hoe

276 1654 352 1737 qnia
374 1647 436 1722 iste
460 1656 580 1742 optime
602 1663 745 1734 nouerat,
768 1678 882 1744 negare
905 1678 968 1725 nen
989 1661 1108 1742 putuit,
1129 1679 1201 1724 nam
1225 1679 1306 1744 quae
1328 1678 1424 1743 nega·

277 1762 338 1843 uit;
364 1762 423 1831 den
452 1764 559 1832 dimisi
586 1765 655 1833 iudi
675 1784 742 1832 ans.
771 1786 852 1850 qnae
880 1766 1041 1832 occultare
1066 1767 1242 1850 permissus
1269 1785 1330 1833 non
1363 1769 1422 1830 est

277 1868 372 1936 timui
400 1870 430 1936 ei
458 1871 658 1938 committere
686 1873 1066 1956 ecelesiampraesertim
1089 1873 1172 1939 inter
1193 1872 1424 1938 haeretieorum

278 1975 585 2043 oiroumlitrantium
611 1979 732 2044 rabiem
759 1980 976 2045 constitutam.
1006 1983 1039 2044 et
1061 1993 1134 2045 eum
1156 1998 1208 2045 me
1229 1981 1364 2063 rogaret,
1387 1981 1426 2043 nt

233 2107 260 2147 rs
278 2080 318 2145 ad
340 2081 560 2168 presbyterum
582 2084 673 2150 fundi
696 2085 959 2152 Armenianensis
977 2086 1009 2151 in
1033 2104 1145 2169 eampo
1168 2085 1323 2163 Bullensi
1341 2084 1425 2150 unde

278 2189 318 2254 ad
350 2207 409 2256 nos
442 2190 623 2276 deponeret,
656 2210 755 2258 eausa
785 2194 855 2259 eius
886 2193 1049 2259 insinuata
1078 2192 1203 2259 litteras
1236 2192 1353 2268 darem,
1385 2210 1424 2256 ne

260 2295 355 2378 ⁴quid
388 2295 426 2362 de
459 2297 515 2363 illo
548 2299 688 2365 atrocius
721 2300 948 2382 suspicaretur,
981 2304 1019 2364 ut
1049 2299 1116 2364 illio
1153 2300 1255 2377 uiuet,
1292 2298 1320 2363 si
1356 2297 1425 2362 deri

164 2390 167 2394 ’
278 2405 395 2483 potest,
420 2404 488 2470 sine
512 2404 617 2474 offitio
640 2405 827 2498 presbyterii
851 2406 1030 2476 correctior.
1053 2404 1271 2472 misericordia
1288 2422 1425 2470 eommo-

279 2511 333 2573 tus
360 2510 430 2577 feei.
464 2511 541 2577 haee
569 2517 676 2578 autem
704 2531 756 2577 me
783 2504 953 2596 praecipue
975 2512 1160 2595 prudentiae
1182 2507 1257 2576 triae
1278 2511 1425 2576 intimare

235 2617 457 2703 proportebat.
481 2636 521 2683 ne
544 2618 651 2702 aliqua
674 2618 734 2684 tibi
757 2618 883 2683 fallatia
907 2619 1100 2702 subreperet.

188 2729 210 2794 2
324 2721 443 2789 Audiui
475 2729 582 2791 autem
615 2712 745 2791 oausam
777 2726 857 2801 eius,
890 2744 964 2792 oum
997 2719 1123 2790 centum
1157 2722 1224 2789 dies
1252 2726 1360 2788 essent
1386 2721 1427 2786 ad

280 2829 476 2897 dominicum
512 2833 658 2917 posenno,
692 2834 747 2915 qui
779 2832 907 2897 iuturus
941 2830 1094 2896 estvm
1126 2830 1174 2896 Id.
1205 2829 1335 2913 Aprilis.
1368 2829 1428 2894 hoo

279 2940 409 3026 propter
440 2938 610 3006 eonoilium
642 2938 802 3004 insinuare
831 2938 941 3003 ourani
968 2935 1203 3002 uenerabilitati
1230 2935 1314 3015 tuae,
1343 2932 1445 3017 quod.

281 3043 378 3109 etiam
404 3042 467 3127 ipsi
495 3063 557 3110 non
581 3044 694 3123 uolani,
719 3043 776 3109 sed
799 3045 828 3109 ei
852 3044 998 3122 fideliter,
1023 3042 1100 3127 quid
1123 3042 1308 3136 institutum
1332 3044 1440 3119 esset.

235 3173 262 3214 ss
281 3150 399 3233 aperui.
433 3155 468 3215 et
490 3150 518 3216 si
541 3151 623 3218 intra
645 3169 762 3216 annum
786 3169 916 3215 oausam
941 3168 1043 3226 suam,
1068 3149 1095 3214 si
1119 3148 1201 3213 forte
1225 3147 1286 3212 sibi
1309 3144 1431 3228 aliquid

318 3328 331 3381 1
351 3324 451 3381 damno
469 3324 498 3380 P
549 3326 567 3381 2
584 3330 679 3396 posset
697 3324 769 3381 inde·
785 3323 812 3379 U
869 3327 888 3379 4
906 3324 1063 3395 grippitana
1081 3337 1254 3391 cormponere
1272 3337 1329 3379 rua.
1347 3336 1431 3391 super

275 3421 364 3483 poetr.
384 3415 401 3470 l.
420 3413 449 3469 P
532 3415 733 3486 otgnppitmo
756 3412 785 3467 P
806 3413 921 3483 giotarm
945 3411 1001 3467 Vn
1087 3411 1254 3466 'leleriourn
1277 3408 1379 3464 nullnrn
1399 3406 1434 3463 Η

281 3504 299 3559 8
316 3503 412 3574 prandi
431 3502 505 3559 disse
522 3502 551 3557 P
565 3503 702 3574 pransione
725 3500 870 3557 THRVU
958 3501 975 3555 9
993 3502 1021 3556 in
1040 3499 1134 3555 eadem
1154 3496 1233 3553 domn
1252 3497 1433 3567 temptatum

281 3593 310 3646 in
334 3593 425 3647 uicina
452 3595 481 3647 et
504 3593 533 3647 in
559 3608 591 3647 aa
621 3590 700 3646 donno
731 3590 809 3652 cedd.
837 3591 866 3645 in
892 3607 947 3645 una
972 3590 1051 3644 domo
1077 3587 1153 3655 edd.,·
1182 3588 1217 3656 es.
1243 3604 1273 3656 p.
1303 3589 1378 3649 234·
1403 3589 1440 3640 11

284 3682 317 3736 10
334 3683 493 3753 ipponensis
517 3680 571 3737 VU
584 3680 771 3752 Hipponensis
791 3679 852 3735 edri.
904 3680 934 3733 11
957 3680 1021 3749 quia
1035 3677 1129 3734 ΜΡ
1178 3677 1211 3731 12
1226 3674 1347 3730 indicans
1362 3690 1431 3745 quae

283 3772 417 3827 occultare
436 3769 585 3842 permissus
602 3785 658 3824 nou
677 3769 731 3838 eet]
752 3784 822 3838 quae
838 3768 975 3823 occultare
988 3766 1135 3838 permissus
1149 3781 1203 3819 nen
1219 3767 1261 3818 est
1274 3761 1394 3818 iudieaui
1408 3762 1437 3815 P

283 3858 317 3914 14
336 3858 584 3918 oireumlatrantern
608 3856 753 3914 THRVU
824 3858 857 3911 15
874 3855 1063 3927 presbiterium
1087 3853 1114 3909 U
1184 3851 1358 3908 anneniensis
1379 3848 1436 3904 PU

281 3948 501 4004 Annamanensis
519 3945 580 4002 edd.
652 3945 787 4001 boellensi
810 3943 866 3999 VU
917 3946 951 4000 16
972 3942 1006 3998 ad
1026 3959 1073 3997 nos
1096 3937 1153 3997 Vl*
1205 3942 1237 3995 17
1256 3938 1386 3994 attrotius
1407 3936 1436 3991 R

282 4035 446 4092 atrotinsU
497 4034 530 4089 13
549 4035 680 4091 correotlo
694 4034 725 4089 Ρ.
773 4034 808 4090 lb
824 4031 986 4104 prudentiae
1005 4035 1068 4086 tuae
1087 4028 1273 4101 praecipue?
1318 4027 1353 4082 20
1367 4026 1431 4080 snb·

281 4125 383 4198 riperet
405 4123 551 4180 THRVU
600 4125 635 4180 22
654 4127 752 4179 ootnrw
771 4121 834 4177 idus
855 4120 1001 4177 THRVU
1016 4120 1076 4175 edd.
1092 4125 1239 4188 praeterr
1313 4115 1385 4186 april
1405 4114 1433 4169 P

282 4214 318 4268 24
337 4215 419 4269 etiarn
438 4229 490 4269 om.
510 4213 537 4267 P
615 4214 652 4283 qd
672 4217 718 4280 (=
737 4209 821 4281 qnod)
840 4211 868 4265 P
957 4211 991 4264 25
1011 4209 1050 4276 et]
1069 4213 1136 4262 nter
1214 4220 1323 4260 oausam
1340 4202 1427 4273 snam}

283 4319 361 4378 suurn
380 4302 462 4372 (eico
483 4317 589 4356 eausem
614 4300 640 4356 T
