3309 4867
328 287 394 351 658
696 282 722 337 S.
752 282 893 337 Aureli
919 282 1138 353 Augustini

328 481 446 547 contari
481 479 532 544 uel
562 480 645 544 ultro
670 418 766 543 eiiam
795 478 1015 563 praedicantes
1039 478 1148 544 audire
1175 480 1276 564 potui,
1304 480 1490 547 castitatem

328 587 547 669 uirtutemque
575 584 859 651 administrationis
887 587 962 650 tuae
990 588 1172 652 constanter
1198 587 1326 653 omnino
1356 586 1490 653 landan-
1630 597 1631 676 l

330 693 418 759 tibus
456 696 552 775 atque
588 691 840 774 praeferentibus
878 694 911 757 et
947 691 1017 757 sine
1052 692 1119 757 ullo
1157 694 1308 776 scrupulo
1341 692 1488 759 dissonae
1630 717 1631 764 l

329 800 495 866 uarietatis
515 798 624 881 accepi
643 799 677 862 et
695 816 733 863 eo
752 797 883 875 certius,
908 796 994 881 quod
1012 798 1201 884 ignorabant
1218 800 1489 867 necessitudinem
1630 783 1631 878 l

329 913 470 972 noemam
495 907 537 983 et,
561 908 669 970 utrmn
693 907 726 970 te
749 904 804 969 uel
825 903 966 978 tenuiter
988 923 1127 985 nossem,
1154 883 1291 990 penitus*
1306 906 1489 976 nesciebant
1522 928 1538 971 s
1630 927 1631 976 i

321 1013 563 1099 ,praedicatores
587 1011 645 1087 tui,
669 1030 709 1075 ne
731 1010 837 1095 magia
857 1029 912 1076 eos
933 1008 1067 1075 auribus
1090 1011 1170 1076 meis
1189 998 1230 1076 'se
1248 1010 1374 1078 dedisse
1391 1030 1488 1095 quam
1605 1060 1607 1063 -
1630 997 1631 1076 l

329 1139 406 1185 uera
429 1119 467 1184 de
490 1121 523 1183 te
546 1135 694 1202 spargere
717 1116 890 1183 crederem.
913 1116 959 1181 ibi
981 1116 1065 1183 enim
1089 1119 1139 1182 est
1161 1136 1180 1182 a
1202 1117 1345 1184 uanitate
1366 1121 1489 1183 remote

329 1225 482 1316 laudatio,
506 1225 562 1290 ubi
582 1224 677 1289 etiam
697 1223 892 1307 uituperatio
911 1221 950 1287 ab
970 1222 1143 1289 offensione
1162 1242 1275 1289 secura
1293 1227 1352 1290 est
1375 1243 1488 1290 uerum

329 1335 494 1411 tamense
522 1330 619 1396 stater
647 1330 761 1395 eximie
789 1333 824 1394 et
851 1328 1067 1395 sincerissima
1089 1329 1258 1397 dilectione
1284 1330 1487 1410 honorabilis,

296 1503 303 1515 ,
330 1458 393 1505 non
411 1456 495 1503 nnnc
515 1423 677 1503 docendus
697 1456 742 1515 ee,
768 1436 824 1502 sed
848 1435 984 1503 fortasse
1003 1436 1220 1503 admonendus
1237 1437 1343 1504 tamen
1362 1455 1486 1503 omnem
1506 1461 1534 1501 ro

330 1540 427 1610 istam
459 1542 593 1628 gloriam
627 1542 809 1626 famamque
842 1541 1029 1626 popularem
1062 1561 1123 1614 non
1155 1542 1188 1607 iu
1217 1561 1271 1609 ore
1298 1544 1391 1629 uulgi
1417 1562 1488 1614 ease

331 1649 516 1717 laetabilem
540 1648 598 1720 aad
616 1649 648 1713 in
666 1648 762 1714 rebus
782 1648 874 1731 ipsis,
894 1666 986 1732 quae,
1006 1648 1102 1714 etiam
1124 1648 1152 1715 si
1169 1649 1269 1735 uulgo
1289 1649 1486 1733 displiceant
1630 1695 1631 1736 p

330 1755 458 1841 proprio
486 1757 593 1820 tamen
622 1754 748 1840 fulgore
771 1773 807 1820 aa
837 1755 975 1840 pondere
1009 1774 1070 1820 non
1099 1755 1307 1840 inperitomm
1331 1773 1487 1823 cemmen-
1630 1743 1631 1752 ’

331 1862 458 1929 datione
489 1860 648 1945 pretiosae
680 1865 765 1940 sunt,
796 1861 966 1946 magisque
1001 1862 1200 1928 miserandus
1228 1865 1289 1943 est,
1323 1862 1378 1946 qni
1409 1860 1487 1926 talia
1630 1851 1631 1906 l

331 1969 488 2052 inprobat,
522 1986 617 2050 quam
654 1968 719 2047 ille,
752 1968 808 2051 qui
841 1968 880 2034 de
911 1967 1033 2034 talibus
1064 1966 1262 2050 inprobatur,
1298 1967 1484 2034 iudicandus
1505 1992 1531 2032 rs
1630 2009 1631 2056 5

332 2074 439 2142 miser.
474 2092 548 2139 cum
585 2091 662 2138 uero
699 2075 829 2157 placent
861 2076 894 2139 et
930 2072 993 2139 sibi
1024 2072 1132 2140 debita
1167 2072 1263 2139 laude
1293 2072 1488 2158 populariter

333 2199 459 2272 quoque
487 2179 719 2264 praedicantur,
748 2198 788 2245 ne
816 2179 863 2246 sic
891 2178 1021 2263 quidem
1046 2179 1136 2264 ipsae
1163 2179 1299 2245 maiores
1325 2179 1487 2248 meliores·

334 2306 395 2372 que
413 2272 494 2352 liunt
512 2286 616 2352 alieno
636 2285 766 2366 iudicio,
786 2287 935 2370 quoniam
954 2286 1154 2372 integrantur
1170 2286 1286 2352 intima
1303 2285 1438 2352 ueritate
1456 2287 1489 2350 et

334 2393 436 2460 solim
464 2393 678 2459 accedentiae
706 2393 818 2459 robore
846 2392 1034 2458 solidantur.
1062 2393 1146 2459 unde
1172 2391 1278 2478 magis
1305 2391 1488 2458 bominibus
1630 2469 1631 2486 ἢ

334 2506 420 2569 recte
449 2500 705 2567 existimantibus
729 2520 825 2584 quam
849 2501 890 2580 ei,
914 2499 953 2565 de
976 2519 1039 2584 qno
1066 2499 1148 2567 bene
1173 2498 1295 2585 uulgus
1319 2499 1488 2580 existimat
1506 2523 1534 2565 ro

338 2607 460 2693 aliquid
482 2627 519 2673 er
542 2626 579 2673 eo
602 2608 768 2674 felicitatis
791 2606 926 2675 accedit

295 2711 315 2775 3
384 2712 473 2795 Quae
500 2733 574 2779 eum
602 2714 722 2797 optime
749 2714 888 2793 noueris,
921 2712 971 2779 uir
997 2712 1090 2791 bone,
1116 2711 1250 2792 intuere,
1279 2714 1317 2778 ut
1344 2710 1489 2795 coepisti,

338 2819 515 2886 fortissima
541 2819 646 2886 cordis
673 2820 740 2887 acie
768 2818 933 2886 dominum
960 2822 1107 2885 nostum
1132 2818 1240 2885 Iesum
1268 2817 1430 2884 curiatum
1459 2821 1492 2882 et

340 2927 379 2992 ab
407 2926 492 2992 omni
520 2926 606 2991 inani
632 2925 719 2992 laetu
747 2926 875 2992 omnino
904 2926 1127 2992 detumescens
1160 2925 1297 3010 adenrge
1328 2924 1360 2990 in
1386 2924 1489 3000 illum,

341 3032 478 3116 quinon
502 3035 637 3098 nenteae
660 3032 780 3099 alleuat
798 3051 971 3098 conuersos
995 3031 1035 3097 ad
1058 3051 1103 3112 se,
1127 3031 1182 3097 sed
1206 3031 1302 3097 certia
1324 3029 1398 3095 lidei
1420 3047 1490 3112 pus·
1508 3054 1534 3097 rc

341 3140 431 3206 sibus
445 3139 617 3205 innitentes
627 3142 722 3223 atque
737 3138 944 3205 ascendentes
954 3138 1139 3205 conlocatio
1157 3138 1348 3222 sempiterno
1362 3136 1490 3221 fastigio
1630 3129 1631 3204 l

380 3382 458 3436 lnel
476 3381 549 3434 ultro
569 3381 664 3452 etiarn]
683 3385 733 3435 aut
752 3382 778 3434 A
839 3380 963 3452 Aaccipi
981 3379 1009 3434 P
1079 3396 1132 3450 qne
1150 3395 1177 3434 aa
1249 3377 1403 3449 ignorabat.
1423 3394 1490 3433 corr.

341 3477 401 3526 ιιι]
418 3470 585 3541 ignorabant
602 3468 633 3524 F
680 3471 867 3541 'lapargerem
887 3472 926 3535 (m
944 3468 996 3523 del.
1016 3467 1145 3536 1112)Ρῖ
1199 3468 1490 3531 iocn.,m.1e.ra

342 3560 409 3614 edd.
427 3557 465 3614 Μ
549 3557 728 3613 dilectissima
745 3557 903 3614 sinceritate
922 3557 950 3613 R
1020 3558 1053 3611 10
1073 3574 1101 3612 es
1119 3553 1180 3629 sed]
1201 3562 1217 3612 a
1236 3573 1264 3621 a;
1282 3572 1316 3610 ec
1333 3571 1402 3610 cerr.
1421 3557 1491 3616 aaut,

340 3649 428 3718 hobae
444 3648 503 3702 uid.
524 3652 555 3703 e'e
568 3647 604 3703 M
621 3665 680 3703 esse
693 3652 721 3702 A
792 3651 886 3702 tamen
901 3664 952 3702 cm.
966 3646 1123 3703 MFAPlR
1136 3644 1195 3702 aad.
1234 3646 1269 3704 12
1281 3643 1445 3699 laudabilem
1459 3640 1495 3696 H

379 3753 433 3806 qua
448 3735 477 3790 P
548 3735 710 3806 dispiceant‚
728 3741 791 3790 n.2
810 3735 974 3806 displiceant
990 3735 1019 3791 R
1084 3735 1116 3790 13
1134 3732 1269 3805 propriori
1285 3733 1314 3787 A
1384 3729 1493 3801 imperi·

341 3829 437 3890 terem,
457 3840 527 3881 corr.
546 3828 606 3877 nal
624 3823 812 3894 imperitorum
831 3822 862 3878 F
896 3825 930 3879 14
939 3830 1006 3892 post
1024 3825 1089 3877 sunt
1106 3825 1171 3876 er.2
1187 3822 1220 3876 isa
1237 3826 1323 3892 arm.
1342 3819 1409 3874 add.
1429 3834 1492 3889 pen·

342 3913 427 3970 sande
445 3913 474 3968 P
527 3914 561 3968 15
581 3910 681 3983 quide
700 3911 1024 3981 alibramaeaqnid
1043 3911 1173 3967 tualibus
1190 3908 1229 3963 Ρι
1324 3902 1494 3974 iudicandus}

342 4001 529 4058 indicaturM
582 4003 615 4056 17
634 4018 683 4056 nec
698 4001 762 4056 MR
780 4001 842 4056 edd.
915 4003 968 4071 ipsi
982 4000 1073 4056 MAR
1142 3998 1268 4054 meliores
1285 3995 1494 4072 maioresqneB

344 4092 380 4147 20
398 4091 497 4161 nulgns
517 4089 587 4145 bene
606 4090 666 4145 edd.
728 4091 761 4145 21
783 4089 884 4144 accidit
901 4089 1059 4145 MFAP¹R
1077 4086 1137 4143 edd.
1199 4087 1234 4141 22
1253 4087 1295 4141 uir
1313 4087 1394 4157 bona]
1412 4084 1495 4140 narbo

342 4197 377 4236 ne
395 4179 458 4235 MA
512 4181 548 4236 23
568 4179 721 4235 firmissima
741 4180 768 4234 A
823 4179 858 4235 25
878 4178 1050 4249 passionibus
1069 4177 1158 4235 MFA
1251 4201 1257 4220 ·
