3309 4867
758 266 766 313 p
923 279 926 295 i

608 381 875 452 epistularum
903 379 1001 437 xcm.
1322 383 1387 448 487

230 577 355 642 toribus
396 575 546 643 immensi
581 575 725 642 criminis
766 574 850 655 reis‚'
888 577 918 642 si
958 576 1115 660 baptizari
1156 577 1288 655 nollent,
1330 595 1387 660 pro
1463 614 1469 619 -

230 683 366 768 integris
390 681 686 750 communicaretur.
705 681 896 749 Deuterium
924 675 1022 748 etiam
1047 681 1301 749 Macrianensem
1325 680 1389 767 epi·

204 807 365 873 *scopum
398 788 632 855 communionis
664 790 791 854 uestrae
824 787 911 873 dicit
934 787 1126 853 traditorum
1158 787 1284 871 plebem
1317 804 1389 852 cou-

233 898 397 982 gregatam
438 894 591 987 ecclesiae
632 893 803 960 miscuisse
846 897 879 959 et
920 892 1097 961 secundnm
1138 897 1261 959 statuta
1299 891 1389 959 illins

200 1026 214 1066 s
233 1000 362 1067 concilii
381 1019 401 1066 a
418 999 567 1067 ducentis
586 1004 620 1067 et
641 1000 848 1086 septuaginta
866 999 984 1066 nestris
999 984 1159 1083 episcopis
1178 1000 1256 1066 lacti
1273 996 1389 1065 fecisse

229 1125 307 1181 ,cnm
335 1107 544 1176 traditoribus
571 1106 730 1173 unitatem
758 1107 853 1190 eique
881 1105 1033 1172 Denterio
1065 1109 1141 1189 post
1173 1106 1233 1173 hoc
1266 1105 1389 1170 fectum

232 1213 354 1298 ingiter
380 1214 635 1279 communicasse
658 1213 820 1279 Donatum
844 1231 903 1278 nec
927 1212 1035 1279 solum
1056 1212 1131 1279 huic
1155 1212 1309 1300 Deuterio
1333 1210 1390 1276 sed

121 1406 129 1412 Α
234 1320 333 1385 etiam
359 1319 520 1387 uniuersis
547 1304 733 1385 Maurorum
762 1319 922 1403 episcopis
955 1337 1012 1402 per
1039 1319 1248 1404 quadraginta
1280 1336 1390 1392 anuos,

235 1445 316 1510 quos
350 1425 429 1491 dicit
465 1444 567 1509 usque
604 1424 645 1491 ad
680 1425 936 1510 persecutionem
973 1445 1028 1508 per
1060 1425 1236 1490 Menenium
1273 1423 1390 1488 iactam

189 1559 216 1598 le
235 1531 460 1599 traditoribus
468 1533 537 1597 sine
559 1531 721 1617 baptismo
746 1532 1013 1598 communicasse.

129 1639 187 1703 44
282 1637 346 1705 Sed
359 1637 458 1729 dicis:
475 1635 569 1717 ‘Quis
589 1638 668 1703 milri
684 1640 735 1704 est
751 1637 814 1704 iste
829 1636 1045 1723 'lychoninsl’
1063 1638 1119 1703 ille
1134 1634 1185 1702 est
1197 1635 1391 1721 Trebonius,

236 1764 331 1829 quem
362 1745 589 1811 Parmenianus
625 1742 827 1811 rescribendo
861 1745 1038 1830 compescit
1075 1747 1107 1809 et
1135 1762 1209 1809 enm
1242 1742 1389 1816 deterret,

124 1894 127 1899 »
235 1871 275 1917 ne
306 1849 384 1917 talia
416 1851 549 1927 scribat3
582 1870 644 1917 non
677 1855 784 1917 tamen
816 1851 938 1918 refellit
969 1869 1008 1916 ea
1037 1848 1118 1934 ipse,
1151 1866 1232 1933 qnae
1263 1846 1389 1921 scribit;

236 1976 309 2036 nuo,
337 1957 422 2023 sicut
450 1958 647 2040 supradixi,
676 1976 751 2023 eum
779 1958 907 2041 premit,
932 1954 1027 2042 quod,
1061 1974 1133 2022 cum
1166 1955 1245 2020 talia
1271 1953 1392 2020 diceret

190 2091 217 2133 rs
237 2062 277 2131 de
300 2064 438 2130 ecclesia
459 2068 528 2130 toto
549 2064 623 2130 orbe
644 2064 761 2130 diffusa
780 2066 813 2129 et
827 2063 917 2148 quod
940 2063 1097 2129 neminem
1121 2061 1153 2129 in
1173 2062 1243 2128 eius
1266 2060 1390 2126 unitate

236 2173 433 2237 macularent
460 2171 563 2237 aliena
594 2176 735 2255 peccata,
769 2170 807 2236 ab
837 2171 987 2237 Afrorum
1014 2172 1182 2236 satamon
1210 2166 1302 2252 quasi
1327 2168 1390 2232 tra·

238 2274 375 2347 litorum
396 2278 584 2362 contagione
608 2276 796 2344 remonebat
819 2279 944 2365 eierat
964 2277 997 2342 iu
1019 2279 1110 2359 parte
1128 2274 1257 2341 Donati.
1279 2273 1392 2357 posset

238 2386 345 2449 numm
374 2383 478 2448 dicere
505 2382 735 2448 Parmenianns
766 2368 933 2447 isiacum
962 2382 1068 2447 omnia
1100 2399 1170 2447 esse
1202 2379 1388 2471 mentitump

238 2488 304 2565 sed,
324 2487 410 2554 sicut
427 2487 512 2553 idem
532 2486 713 2572 'lychoniue
733 2489 971 2566 commemoret,
991 2487 1094 2553 adhuc
1112 2485 1267 2552 uiuebant
1282 2484 1391 2563 multi,

191 2624 220 2666 eo
237 2614 294 2680 per
320 2613 401 2679 quoe
433 2595 511 2659 haec
539 2593 719 2660 certissima
746 2597 791 2686 etv
810 2593 1015 2677 apertissima
1041 2611 1113 2660 osse
1141 2586 1391 2659 ostenderentur.

133 2706 189 2776 45
283 2699 347 2768 Sed
378 2701 416 2766 de
453 2700 505 2766 his
541 2704 643 2767 taceo.
682 2701 837 2767 contende
869 2699 1070 2786 ’lychonium
1102 2719 1173 2767 esee
1205 2697 1390 2774 mentitum3

117 2892 120 2896 λ
238 2809 278 2874 ad
291 2802 490 2893 'Cypriam
508 2812 540 2874 te
559 2826 687 2886 reuoca,
706 2808 799 2874 cuius
817 2806 1013 2874 mentionem
1030 2805 1100 2890 ipse
1118 2805 1237 2872 iecisti.
1259 2821 1390 2886 prorsus

238 2913 412 2980 secundum
455 2914 575 2998 scripta
607 2912 772 2998 Cypriani,
811 2912 853 2995 si,
876 2913 1018 2997 peccatis
1055 2911 1167 2977 alienis
1202 2912 1235 2977 in
1266 2909 1390 2976 unitate
1423 2941 1427 2948 ·

238 3018 372 3104 quisque
404 3020 594 3097 maculatur,
625 3018 690 3083 iam
719 3020 792 3085 ante
821 3014 1014 3104 cyprianum
1045 3017 1141 3102 periit
1167 3002 1304 3085 ecclesia
1329 3032 1388 3080 uec

189 3153 219 3193 es
237 3128 306 3191 eret
341 3125 424 3192 unde
457 3126 607 3193 existeret
643 3126 713 3209 ipse
745 3124 935 3210 Cyprianus.
973 3123 1002 3190 si
1034 3127 1141 3191 autem
1178 3122 1239 3190 hoc
1272 3120 1389 3187 sentire

236 3231 427 3318 sacrilegum
441 3235 493 3298 est
511 3235 680 3297 etcertum
695 3234 745 3298 est
763 3230 933 3297 ecclesiam
952 3248 1146 3317 permonere,
1164 3236 1257 3295 nemo
1277 3226 1389 3293 alienis

156 3428 178 3471 ,
274 3473 375 3530 tre-is
394 3485 425 3546 (g
442 3479 524 3541 eree.)
542 3474 570 3529 P
639 3473 939 3533 2communicereutnr
960 3478 1045 3543 (poet.
1065 3488 1082 3527 n
1101 3478 1173 3543 ap.)
1191 3470 1226 3528 N
1292 3469 1389 3525 macri·

237 3578 348 3618 aeneam
366 3566 393 3619 Δ
411 3562 647 3618 macedonieneem
666 3562 694 3618 Β
767 3562 911 3625 ducatum
930 3578 982 3617 oea.
1001 3560 1035 3616 Ν
1118 3562 1312 3632 congregatam
1329 3557 1390 3630 ple·

237 3651 299 3706 bem
317 3649 345 3706 Β
434 3651 673 3707 immiscuisse
691 3651 719 3707 Β
809 3649 964 3714 5consilii.
982 3653 1049 3706 uest
1065 3649 1175 3706 concilii
1192 3646 1221 3705 P
1292 3646 1391 3702 uernis

237 3740 358 3812 episcopi
377 3742 455 3805 (esd
472 3739 618 3811 episcopie)
636 3739 660 3794 C
677 3731 811 3812 episcopie
831 3739 930 3794 nestris
944 3736 974 3795 Β
991 3737 1052 3794 edd.
1087 3798 1092 3817 x
1109 3737 1186 3806 lacti,
1199 3754 1235 3794 en.
1246 3739 1266 3791 2
1278 3733 1393 3790 lactei)

236 3828 354 3893 idion,
372 3843 442 3884 corr.
463 3828 522 3883 did·
535 3828 573 3883 Μ
656 3827 691 3883 ad
711 3845 762 3884 om.
783 3827 835 3882 PL
922 3827 1086 3883 macheriam
1106 3822 1144 3882 N
1233 3825 1268 3882 18
1285 3825 1345 3896 ipse
1361 3820 1391 3878 Β

238 3918 275 3972 14
296 3917 362 3988 nuo]
387 3932 441 3972 uno
466 3917 538 3972 enim
561 3916 589 3973 Β
613 3917 663 3972 sed
687 3933 742 3971 nno
765 3916 818 3971 PL
844 3915 905 3971 edd
998 3916 1031 3973 15
1055 3914 1202 3985 neminem]
1228 3913 1339 3969 minime
1361 3908 1390 3967 Β

239 4007 273 4061 lo
291 4005 420 4073 ee·(sae't
438 4005 467 4072 d)
485 4010 577 4059 terrm
600 4005 665 4068 0s;
685 4007 761 4071 (me
778 4015 818 4073 ee)
836 4008 930 4061 tamen
948 4003 977 4059 P
992 4008 1084 4059 umen
1103 4019 1133 4058 ee
1150 4002 1180 4061 Β
1249 3998 1389 4057 traditori·

237 4094 299 4156 boe.
317 4096 381 4148 rest
397 4092 560 4149 tmditorum
579 4093 608 4147 P
684 4094 718 4148 18
735 4094 791 4149 iste
809 4093 902 4150 omnia
918 4093 1011 4165 ipsum
1029 4108 1089 4148 esee
1106 4090 1135 4148 Β
1207 4089 1243 4147 20
1260 4089 1312 4145 hec
1330 4092 1390 4142 m

236 4198 326 4253 supro
344 4198 470 4253 pomus
491 4197 549 4237 roe.
568 4182 600 4237 N
688 4182 723 4239 ‘28
746 4183 908 4253 scriptoram
921 4181 954 4237 '11
1043 4181 1079 4237 25
1102 4180 1265 4251 sacrilegam
1289 4178 1389 4233 sentire

238 4278 282 4326 eet
299 4268 328 4327 R
